Unix_Timestamp,Messung,AP1,AP2,AP3,AP4,AP5,AP6
1729686257346,1,40.949,27.707,31.48,26.363,10.605,7.011
1729686258101,1,52.335,26.734,34.578,19.945,10.324,6.55
1729686258842,1,51.226,26.332,36.246,21.691,10.312,7.566
1729686259598,1,50.191,26.562,35.207,21.632,10.238,7.105
1729686260347,1,48.0,26.941,37.164,22.566,9.921,6.886
1729686261115,1,50.171,26.937,37.179,22.652,10.105,6.394
1729686261912,1,51.023,26.367,37.042,24.652,9.964,6.683
1729686262701,1,49.992,27.066,37.007,21.914,9.984,6.187
1729686263469,1,50.546,26.343,35.937,23.613,10.285,6.414
1729686264238,1,49.625,27.773,36.64,21.46,10.226,6.863
1729686265041,1,48.843,26.828,37.171,21.718,10.363,6.328
1729686265799,1,52.0,26.871,37.16,21.589,10.23,7.308
1729686266562,1,49.859,26.492,35.726,22.007,9.968,6.636
1729686267331,1,50.417,26.875,35.832,21.621,9.921,6.414
1729686268207,1,50.332,27.878,36.429,21.328,10.062,6.828
1729686268962,1,50.382,26.542,36.898,20.55,10.238,6.746
1729686269732,1,50.917,26.382,36.554,21.171,10.394,6.57
1729686270582,1,48.937,26.562,36.312,20.703,10.121,6.949
1729686271364,1,50.285,26.609,36.91,21.617,10.355,6.824
1729686272123,1,50.339,26.703,36.433,21.171,10.07,6.933
1729686272885,1,50.48,26.492,36.753,21.203,10.296,6.687
1729686273640,1,50.703,26.414,36.972,21.527,10.16,6.945
1729686274497,1,50.453,26.371,inf,21.453,10.281,6.773
1729686275255,1,50.589,26.48,37.093,20.851,10.195,6.699
1729686276017,1,50.449,26.593,36.457,21.234,10.195,6.906
1729686276778,1,50.617,26.41,36.703,21.628,10.257,6.933
1729686277599,1,50.589,26.523,36.511,21.441,10.394,6.761
1729686278368,1,50.546,26.457,36.718,21.628,10.203,6.738
1729686279122,1,50.64,26.64,36.46,22.183,10.14,6.722
1729686279881,1,50.238,26.609,36.144,21.925,10.0,6.796
1729686280670,1,50.421,26.679,36.742,20.761,10.148,6.835
1729686281440,1,50.437,26.406,36.292,20.75,10.148,6.671
1729686282200,1,50.164,26.273,36.003,21.054,10.183,6.984
1729686282964,1,50.542,26.148,36.71,21.035,10.023,6.605
1729686283758,1,49.839,26.398,36.207,21.714,10.253,6.55
1729686284599,1,50.449,26.144,36.843,21.562,10.265,6.8
1729686285368,1,50.91,26.371,36.851,22.214,10.289,6.722
1729686286126,1,51.183,26.546,36.058,21.449,10.179,6.796
1729686286945,1,50.472,26.632,36.082,21.75,10.363,6.652
1729686287710,1,50.574,26.664,36.351,21.816,10.269,6.496
1729686288483,1,50.398,26.492,34.773,21.507,10.289,6.605
1729686289247,1,50.285,26.589,36.113,21.664,10.261,6.804
1729686290083,1,50.55,26.445,36.289,21.808,10.304,6.675
1729686290841,1,50.23,26.695,35.39,21.929,10.324,6.765
1729686291605,1,50.199,26.605,36.57,21.972,10.23,6.925
1729686292360,1,50.417,26.449,36.246,21.875,10.371,6.667
1729686293121,1,50.5,26.55,35.906,21.773,10.289,6.523
1729686293874,1,50.691,26.566,36.136,23.007,10.152,6.656
1729686294645,1,50.578,26.722,36.003,22.546,10.367,6.714
1729686295414,1,50.96,26.621,35.945,23.308,10.187,6.734
1729686296174,1,50.55,26.367,36.3,21.851,10.125,6.875
1729686296938,1,50.23,26.57,37.445,22.191,10.386,6.667
1729686297698,1,50.261,26.878,36.66,21.925,10.367,6.824
1729686298457,1,50.531,26.71,36.078,21.406,10.132,6.562
1729686299219,1,50.179,26.445,36.902,22.339,10.417,6.824
1729686299986,1,50.398,26.492,36.66,21.843,10.277,6.699
1729686300752,1,50.277,26.562,36.523,21.41,10.351,6.781
1729686301519,1,50.652,26.246,37.039,21.367,10.371,6.808
1729686302282,1,50.589,26.339,37.535,21.707,10.386,6.699
1729686303050,1,50.453,26.371,37.164,21.714,10.23,6.742
1729686303811,1,50.304,26.296,36.445,21.753,10.296,6.878
1729686304573,1,50.214,26.277,inf,22.246,10.285,6.578
1729686305328,1,49.882,26.367,36.07,21.109,10.312,6.5
1729686306097,1,50.496,26.425,37.281,21.957,10.324,6.488
1729686306864,1,50.863,26.277,37.468,20.687,10.14,6.55
1729686307638,1,50.539,26.171,36.761,20.703,10.132,6.773
1729686308391,1,50.187,26.589,36.367,21.441,10.375,6.621
1729686309157,1,50.039,26.5,34.832,20.945,10.363,6.761
1729686309921,1,50.605,26.035,34.687,21.207,10.457,6.609
1729686310704,1,50.48,26.238,36.382,21.937,10.222,6.851
1729686311471,1,50.296,26.191,33.722,22.21,10.246,7.05
1729686312321,1,50.351,26.644,33.128,21.355,10.421,6.683
1729686313084,1,49.421,26.05,35.593,21.191,10.359,6.687
1729686313848,1,49.875,26.46,35.644,21.156,10.312,6.808
1729686314593,1,48.832,26.492,36.199,20.968,10.328,6.82
1729686315344,1,49.691,26.257,35.929,21.261,10.167,6.605
1729686316107,1,47.761,26.093,36.953,21.128,10.261,6.992
1729686316873,1,49.218,26.101,37.195,20.937,10.253,6.906
1729686317635,1,49.539,26.21,37.031,22.234,10.312,6.703
1729686318388,1,48.382,26.164,36.656,20.929,10.191,6.609
1729686319155,1,49.027,26.25,36.64,21.023,10.32,6.722
1729686320096,1,49.667,26.203,35.683,inf,10.273,6.566
1729686320942,1,49.347,26.207,36.011,20.878,10.339,6.542
1729686321707,1,49.753,26.437,35.667,20.984,11.738,6.648
1729686322478,1,49.625,26.628,36.246,21.273,10.085,6.726
1729686323224,1,48.664,26.441,35.882,20.828,10.199,6.871
1729686324062,1,49.562,26.574,35.933,21.984,10.113,6.812
1729686324821,1,48.726,26.527,34.328,21.07,9.925,6.8
1729686325569,1,49.261,26.492,36.41,21.511,10.21,6.726
1729686326338,1,49.648,26.332,35.843,21.308,10.226,6.656
1729686327186,1,49.089,26.488,36.289,21.207,10.48,6.703
1729686327947,1,47.097,26.597,36.289,20.761,10.425,6.761
1729686328795,1,48.082,26.546,36.039,21.523,10.242,6.722
1729686329548,1,51.917,26.73,36.183,21.546,10.199,6.656
1729686330375,1,48.75,26.398,36.41,20.98,10.179,6.832
1729686331123,1,50.417,26.597,35.949,20.507,inf,6.64
1729686331877,1,50.078,26.605,36.394,20.769,9.992,6.671
1729686332638,1,50.054,26.468,36.218,20.671,10.089,6.628
1729686333397,1,48.406,26.507,36.386,21.046,10.148,6.785
1729686334165,1,48.597,26.718,36.476,21.011,10.125,6.769
1729686334924,1,48.554,26.722,35.917,21.285,10.171,6.937
1729686335681,1,48.039,26.296,35.773,22.035,10.281,6.8
1729686336449,1,51.144,26.214,35.828,25.21,10.109,6.828
1729686337217,1,49.296,26.394,36.71,21.964,10.292,6.777
1729686337978,1,52.035,26.832,34.132,21.855,10.234,6.847
1729686338745,1,51.507,26.304,35.449,21.824,10.417,6.863
1729686339515,1,48.492,26.519,35.812,21.535,10.359,6.828
1729686340255,1,50.046,26.57,35.0,21.691,10.363,6.675
1729686341015,1,51.316,26.332,35.5,21.128,10.3,6.847
1729686341787,1,51.683,26.425,36.07,20.757,10.242,6.769
1729686342533,1,46.46,26.535,36.472,21.699,10.183,6.878
1729686343290,1,50.761,26.601,36.039,21.617,9.941,6.808
1729686344043,1,50.597,26.589,inf,22.679,10.289,6.785
1729686344803,1,49.167,26.3,35.421,21.269,10.246,6.625
1729686345563,1,51.093,26.363,36.148,22.046,10.406,6.535
1729686346316,1,49.535,26.425,35.316,25.39,10.367,6.71
1729686347084,1,51.359,25.941,35.359,22.589,10.343,6.648
1729686347845,1,49.863,26.41,34.789,22.179,10.261,6.714
1729686348593,1,50.007,26.464,35.292,22.417,10.132,6.859
1729686349337,1,47.699,26.41,35.355,21.941,10.238,6.656
1729686350097,1,49.562,26.203,34.121,21.933,10.23,6.718
1729686350854,1,48.597,26.351,35.468,22.265,10.125,6.71
1729686351607,1,52.199,26.312,35.246,21.929,10.035,6.566
1729686352442,1,48.296,26.328,35.296,22.398,10.25,6.554
1729686353204,1,50.636,26.984,35.328,22.734,10.253,6.515
1729686353967,1,48.324,26.488,34.128,22.941,10.402,6.792
1729686354720,1,50.398,26.605,34.175,22.292,11.605,7.089
1729686355526,1,51.597,26.429,34.429,22.292,10.242,6.781
1729686356255,1,50.742,26.671,34.609,21.941,10.296,6.73
1729686357015,1,51.941,26.437,34.933,21.82,10.269,6.832
1729686357775,1,53.097,26.937,36.25,22.574,9.988,6.57
1729686358550,1,51.0,26.613,35.281,21.945,10.433,6.8
1729686359307,1,49.156,26.644,33.632,23.535,10.132,6.699
1729686360050,1,48.656,26.277,34.941,22.613,10.175,6.968
1729686360817,1,47.667,26.218,35.628,22.035,10.175,6.953
1729686361657,1,53.324,26.156,35.16,22.671,10.246,6.714
1729686362420,1,51.882,26.25,33.289,21.984,10.238,6.949
1729686363176,1,51.269,26.699,35.937,23.156,10.234,6.847
1729686363943,1,50.398,27.039,35.964,21.632,10.191,6.769
1729686364792,1,48.468,26.468,36.726,21.109,10.308,6.835
1729686365545,1,51.41,26.488,32.628,23.675,10.425,6.968
1729686366303,1,51.527,25.941,36.367,23.078,10.355,6.804
1729686367074,1,51.671,27.074,37.109,21.714,10.304,6.789
1729686367820,1,50.367,25.687,38.167,22.136,10.179,inf
1729686368576,1,53.875,26.175,36.003,20.945,inf,6.8
1729686369340,1,48.406,26.558,37.39,20.683,10.218,6.769
1729686370098,1,51.074,26.214,36.48,20.335,9.968,6.714
1729686370848,1,50.265,26.082,37.113,21.457,10.265,6.707
1729686371608,1,51.468,26.41,38.343,21.335,10.375,6.691
1729686372368,1,48.277,26.3,36.824,21.562,10.167,6.632
1729686373124,1,51.218,26.277,35.558,22.367,10.496,6.757
1729686373891,1,51.238,26.226,36.554,22.906,10.367,6.832
1729686374630,1,51.96,26.375,35.683,24.937,inf,6.738
1729686375362,1,50.957,26.488,35.992,21.796,10.417,6.8
1729686376111,1,51.191,26.628,36.671,22.078,10.179,6.91
1729686376865,1,50.648,26.847,36.64,21.414,10.093,6.703
1729686377621,1,49.07,26.539,34.242,22.226,inf,6.839
1729686378374,1,51.863,26.511,35.91,22.339,10.347,6.734
1729686379137,1,49.539,26.281,36.371,21.625,10.402,6.582
1729686379983,1,47.746,26.644,37.296,22.269,10.453,6.867
1729686380735,1,49.539,26.589,37.359,20.996,10.07,6.984
1729686381502,1,48.777,26.343,36.812,21.457,10.32,6.714
1729686382276,1,48.21,26.699,35.972,20.742,10.265,6.734
1729686383026,1,49.16,26.558,36.621,21.042,10.3,6.8
1729686383805,1,51.632,26.421,35.289,21.218,10.347,6.675
1729686384559,1,48.511,26.511,37.062,21.57,10.031,6.843
1729686385349,1,50.46,26.468,36.707,21.015,9.988,6.761
1729686386103,1,51.769,26.164,35.789,20.933,10.257,6.718
1729686386930,1,48.191,26.585,35.878,21.179,10.406,6.777
1729686387677,1,49.046,26.656,36.55,21.457,10.492,6.683
1729686388436,1,50.878,26.515,36.531,21.058,10.21,6.761
1729686389192,1,49.328,26.312,36.253,21.078,10.328,6.675
1729686390071,1,50.183,26.523,36.882,21.128,11.343,6.703
1729686390832,1,48.972,26.445,37.082,21.578,10.515,6.644
1729686391597,1,51.07,26.671,34.96,21.402,10.234,6.621
1729686392355,1,50.507,26.703,37.675,21.257,9.933,7.117
1729686393137,1,49.109,26.468,37.601,21.542,10.328,6.636
1729686393898,1,51.089,26.523,35.636,21.546,10.273,6.707
1729686394661,1,48.386,26.468,37.675,21.539,10.46,6.558
1729686395423,1,50.148,26.429,36.8,21.667,10.41,6.699
1729686396195,1,49.136,26.636,36.632,21.285,10.496,6.71
1729686396958,1,50.585,26.503,37.136,21.371,10.527,6.921
1729686397720,1,48.683,26.574,36.07,21.472,10.292,6.816
1729686398485,1,48.75,26.41,37.46,21.64,10.476,6.808
1729686399328,1,48.398,26.46,36.878,21.429,10.277,6.625
1729686400087,1,47.957,26.562,36.847,21.253,10.425,6.632
1729686400846,1,47.773,26.722,36.976,21.253,10.14,inf
1729686401611,1,47.933,26.468,37.433,21.394,10.046,6.707
1729686402452,1,49.796,26.675,36.886,21.218,10.332,6.613
1729686403216,1,49.226,26.55,36.593,21.367,9.917,6.839
1729686403976,1,49.257,26.5,37.414,21.078,10.441,6.675
1729686404740,1,51.878,26.445,35.832,20.644,10.414,6.945
1729686405509,1,51.23,26.226,33.398,21.199,inf,6.675
1729686406276,1,51.664,26.476,37.363,21.503,10.195,6.906
1729686407031,1,49.085,26.386,37.441,20.816,10.304,6.722
1729686407798,1,49.886,26.382,37.292,20.324,10.289,6.734
1729686408570,1,50.812,26.281,33.902,21.015,10.246,6.828
1729686409321,1,50.23,26.281,38.175,20.109,10.05,6.824
1729686410076,1,50.539,26.621,37.089,21.839,inf,6.351
1729686410830,1,51.593,26.671,37.398,20.812,10.382,6.632
1729686411591,1,50.664,26.375,36.808,20.953,10.429,6.753
1729686412351,1,51.375,26.433,35.765,20.371,10.398,6.777
1729686413094,1,50.21,26.324,36.707,21.203,10.457,6.761
1729686413839,1,51.539,26.558,36.57,20.472,10.246,6.519
1729686414598,1,51.578,26.41,36.121,21.054,10.246,6.601
1729686415365,1,50.3,26.296,36.207,20.968,10.304,6.406
1729686416116,1,50.078,26.253,36.339,20.882,10.445,6.589
1729686416868,1,50.46,26.105,36.363,20.976,10.238,6.621
1729686417632,1,50.453,26.015,35.925,21.328,10.152,6.503
1729686418396,1,51.175,26.417,36.847,21.226,10.21,6.636
1729686419142,1,50.832,26.386,36.703,21.367,10.07,6.652
1729686419903,1,51.558,26.539,37.359,21.789,10.257,6.781
1729686420666,1,50.683,26.539,36.691,21.863,10.089,6.945
1729686421499,1,51.371,26.593,36.265,21.023,10.21,6.449
1729686422249,1,51.703,26.222,34.082,22.304,10.214,6.753
1729686423009,1,52.121,26.167,35.015,21.308,10.031,6.734
1729686423766,1,51.582,26.707,37.726,23.507,10.199,6.664
1729686424567,1,52.23,26.667,37.367,22.433,10.273,7.167
1729686425327,1,51.304,26.125,35.91,22.988,10.503,6.98
1729686426078,1,51.261,26.289,37.109,21.816,10.906,7.246
1729686426831,1,52.074,26.796,36.703,24.261,9.937,5.703
1729686427625,1,51.058,26.617,35.832,22.382,10.082,6.808
1729686428531,1,52.417,26.269,32.89,20.699,10.195,6.308
1729686429288,1,51.507,26.472,35.066,22.933,inf,6.996
1729686430048,1,52.917,26.324,36.414,24.523,10.171,6.375
1729686430831,1,53.503,25.929,36.23,23.699,9.886,inf
1729686431604,1,50.539,25.812,31.808,25.425,9.945,6.988
1729686432374,1,51.562,26.054,36.054,21.957,10.218,7.039
1729686433223,1,51.687,26.156,36.023,22.316,10.222,6.66
1729686434010,1,51.382,26.457,35.417,22.742,10.16,7.019
1729686434774,1,49.46,26.339,36.074,23.355,10.273,7.062
1729686435531,1,51.82,26.187,36.035,22.507,inf,7.023
1729686436286,1,51.64,26.82,34.96,22.035,10.128,6.949
1729686437050,1,51.125,26.851,36.375,22.031,10.359,7.148
1729686437811,1,53.007,26.343,36.394,23.035,10.062,6.945
1729686438575,1,51.218,26.359,35.699,23.992,10.121,6.765
1729686439338,1,51.101,26.523,35.46,23.371,10.382,6.667
1729686440108,1,50.882,26.792,35.582,23.187,10.222,6.863
1729686440873,1,51.554,26.832,33.171,22.847,10.289,7.031
1729686441629,1,51.308,26.675,36.156,24.14,10.195,7.128
1729686442390,1,52.07,26.753,34.351,23.062,10.574,6.816
1729686443152,1,52.246,26.253,35.71,22.406,10.23,6.89
1729686443901,1,51.714,26.21,36.484,22.984,9.789,6.882
1729686444666,1,51.332,26.3,35.121,22.093,10.089,6.863
1729686445421,1,51.464,26.273,35.906,23.542,10.335,6.792
1729686446176,1,51.492,26.21,36.707,23.632,10.367,6.937
1729686446931,1,47.285,26.238,33.675,22.132,11.363,6.73
1729686447694,1,48.562,26.015,35.718,21.343,10.269,6.558
1729686448455,1,51.136,26.55,34.675,21.226,9.875,6.542
1729686449218,1,49.625,26.269,36.308,22.734,10.222,6.57
1729686449988,1,52.011,26.07,37.195,21.843,10.109,6.804
1729686450755,1,47.421,26.441,36.796,21.98,10.214,6.968
1729686451503,1,51.695,26.277,37.179,22.433,10.156,6.832
1729686452264,1,48.507,26.175,37.132,24.843,10.332,6.753
1729686453111,1,51.753,26.207,37.261,25.003,10.07,6.695
1729686453880,1,51.527,26.175,36.886,23.847,10.003,6.894
1729686454651,1,50.039,26.136,35.234,23.046,11.195,6.761
1729686455412,1,50.585,26.046,36.433,21.417,10.335,6.925
1729686456245,1,49.91,26.281,33.312,21.683,10.148,6.949
1729686457004,1,50.589,26.339,36.558,19.355,10.273,6.957
1729686457766,1,50.628,25.664,37.187,20.867,10.207,6.925
1729686458526,1,50.687,26.32,37.347,20.597,10.167,6.707
1729686459278,1,51.179,26.234,36.019,21.871,9.988,6.992
1729686460037,1,51.218,26.55,35.925,21.089,10.226,6.488
1729686460803,1,45.121,26.457,33.812,20.496,9.835,6.968
1729686461566,1,43.437,32.843,30.875,28.035,12.488,7.496
1729686462308,1,44.718,33.808,31.878,25.027,11.789,7.945
1729686520631,2,42.449,26.125,33.574,20.14,10.027,inf
1729686521361,2,46.839,26.382,29.289,23.832,9.972,7.531
1729686522145,2,44.285,27.566,29.964,23.941,10.546,6.738
1729686522887,2,49.859,25.992,37.023,23.242,9.679,7.199
1729686523728,2,49.218,26.296,33.289,19.894,10.179,7.039
1729686524491,2,49.25,26.414,36.73,22.16,10.406,6.8
1729686525313,2,50.503,26.23,37.125,20.019,10.449,6.863
1729686526066,2,48.296,26.05,36.503,22.531,10.144,6.917
1729686526810,2,46.691,25.625,36.156,19.847,10.046,6.691
1729686527568,2,50.398,26.117,36.41,19.812,9.785,6.386
1729686528358,2,50.781,26.351,37.402,20.007,10.058,6.976
1729686529119,2,45.535,25.941,35.832,23.371,10.335,6.777
1729686529874,2,48.382,26.167,36.718,20.46,10.277,7.191
1729686530638,2,50.328,25.886,34.488,22.808,10.515,6.554
1729686531426,2,50.515,26.125,34.906,21.324,10.218,6.878
1729686532191,2,50.914,26.019,35.226,21.289,9.89,6.902
1729686532943,2,50.699,25.832,36.203,20.156,10.148,6.878
1729686533695,2,50.855,26.109,36.187,20.792,10.441,6.765
1729686534533,2,51.125,25.789,35.941,20.621,10.382,6.64
1729686535296,2,50.925,25.738,36.398,20.894,10.269,6.75
1729686536056,2,50.496,25.851,36.304,21.14,10.07,6.687
1729686536831,2,50.39,26.019,36.539,21.257,10.105,6.796
1729686537667,2,50.484,26.296,36.019,20.531,10.117,6.562
1729686538437,2,50.332,25.976,36.542,21.195,10.304,6.73
1729686539197,2,50.492,25.929,35.937,21.246,10.257,6.699
1729686539956,2,51.093,26.644,33.542,21.449,10.023,6.796
1729686540706,2,49.628,26.3,33.015,22.578,inf,6.785
1729686541463,2,47.671,26.23,36.781,21.699,10.05,6.882
1729686542236,2,51.394,26.066,37.988,20.519,9.968,6.824
1729686542994,2,50.394,25.703,32.046,22.777,10.429,6.96
1729686543761,2,44.546,25.773,36.871,21.746,9.851,6.601
1729686544523,2,50.511,25.542,inf,22.007,10.148,6.933
1729686545268,2,52.554,26.042,37.117,20.917,9.992,7.066
1729686546047,2,49.855,25.75,33.683,22.73,10.296,6.839
1729686546884,2,50.214,25.445,35.121,21.246,9.937,7.062
1729686547651,2,50.328,26.332,35.433,21.691,inf,6.73
1729686548420,2,49.882,26.035,34.417,20.574,9.781,6.687
1729686549193,2,49.316,25.933,36.265,21.402,9.972,6.722
1729686549958,2,49.546,25.839,36.078,21.796,10.253,6.773
1729686550729,2,49.972,26.136,36.027,21.152,10.058,6.863
1729686551496,2,49.554,25.914,36.425,22.148,9.91,6.933
1729686552226,2,49.636,25.804,35.277,21.945,10.183,6.566
1729686552989,2,50.16,26.128,36.46,20.945,9.621,6.703
1729686553745,2,49.023,26.312,37.179,21.023,10.289,6.777
1729686554503,2,49.511,25.769,37.695,22.296,inf,6.707
1729686555266,2,49.601,25.562,36.011,21.746,10.179,6.535
1729686556031,2,49.941,26.07,36.945,21.906,9.714,6.671
1729686556791,2,50.148,26.23,34.851,21.488,9.968,7.007
1729686557556,2,50.23,26.218,37.292,24.0,10.179,6.882
1729686558316,2,51.48,26.062,37.949,22.714,10.363,6.574
1729686559091,2,50.835,26.578,35.562,20.98,10.574,7.121
1729686559851,2,50.683,26.597,37.453,21.89,10.105,6.949
1729686560622,2,51.945,25.976,37.324,21.484,10.046,6.976
1729686561381,2,46.16,25.968,32.664,21.472,10.375,7.042
1729686562196,2,51.89,26.242,35.582,27.867,10.011,7.125
1729686562950,2,51.117,26.64,31.886,21.781,10.058,6.691
1729686563715,2,46.82,26.007,34.125,23.23,10.128,7.171
1729686564492,2,51.894,26.335,35.941,22.746,10.339,7.117
1729686565340,2,51.316,26.597,36.421,20.46,9.613,6.867
1729686566189,2,51.222,26.441,34.902,23.121,10.175,6.562
1729686566956,2,51.226,26.222,35.871,20.332,9.957,6.601
1729686567710,2,51.218,26.917,36.886,21.207,9.996,6.507
1729686568551,2,51.402,26.261,35.722,24.031,9.921,6.867
1729686569316,2,50.527,26.468,36.871,21.429,10.32,6.898
1729686570081,2,51.367,26.019,33.226,21.351,10.246,7.167
1729686570852,2,52.179,31.007,37.386,21.644,10.07,6.64
1729686571695,2,51.515,28.031,37.039,22.015,11.246,7.179
1729686572441,2,50.675,26.968,38.05,22.082,10.882,6.64
1729686573186,2,50.179,26.753,36.703,21.417,10.179,6.769
1729686573963,2,52.371,27.32,36.351,22.964,10.414,6.871
1729686574721,2,51.171,26.398,36.882,21.332,10.472,7.05
1729686575484,2,51.289,26.527,36.191,21.679,10.125,7.171
1729686576249,2,50.062,26.941,37.011,21.273,9.984,6.691
1729686577019,2,49.769,27.25,37.234,22.218,10.222,6.785
1729686577796,2,51.71,26.632,inf,21.23,10.296,6.785
1729686578552,2,52.074,26.527,36.484,22.542,10.031,6.773
1729686579314,2,52.363,26.417,35.449,20.98,10.042,6.886
1729686580067,2,51.8,26.179,36.66,22.121,10.328,6.957
1729686580918,2,48.949,26.371,37.242,21.675,9.902,6.851
1729686581675,2,52.234,26.73,36.742,21.921,10.062,7.082
1729686582439,2,51.945,26.226,36.554,22.8,10.3,6.601
1729686583194,2,51.988,26.417,37.054,21.515,10.55,6.898
1729686584123,2,52.238,26.378,37.542,22.289,10.292,6.89
1729686584894,2,52.07,26.164,36.953,21.828,10.613,6.703
1729686585656,2,52.195,26.039,36.816,21.621,10.472,6.832
1729686586423,2,52.164,26.101,36.652,21.527,10.429,6.761
1729686587266,2,52.128,26.027,37.136,21.375,10.371,6.753
1729686588038,2,51.777,26.121,36.753,21.558,10.175,6.832
1729686588800,2,51.976,26.199,36.617,21.324,10.285,6.828
1729686589550,2,52.394,26.281,37.089,22.007,10.5,6.843
1729686590394,2,51.925,26.128,35.617,21.96,10.207,6.804
1729686591156,2,51.484,26.777,37.441,21.234,10.085,6.843
1729686591924,2,47.66,26.175,34.82,20.414,10.238,6.953
1729686592682,2,51.238,25.996,36.089,21.46,10.226,6.917
1729686593512,2,51.027,26.007,36.074,21.25,10.046,6.91
1729686594277,2,51.886,26.0,36.832,21.757,10.296,7.027
1729686595049,2,51.285,26.421,36.921,22.843,10.113,6.777
1729686595809,2,51.789,26.453,35.488,22.058,10.132,7.027
1729686596648,2,51.308,26.382,35.636,20.91,10.074,6.761
1729686597419,2,48.574,26.519,36.937,21.695,9.984,6.777
1729686598175,2,51.32,25.933,36.355,21.406,10.027,6.89
1729686598936,2,51.324,26.792,37.585,21.734,10.277,6.886
1729686599771,2,50.757,26.238,36.402,22.988,10.023,6.859
1729686600509,2,50.792,25.992,36.214,22.046,10.128,7.046
1729686601280,2,51.964,26.203,36.167,22.097,10.183,6.875
1729686602042,2,51.484,26.503,35.664,22.574,10.187,6.765
1729686602803,2,51.308,26.554,36.691,22.425,10.359,6.828
1729686603564,2,51.281,26.445,36.984,23.964,10.0,6.832
1729686604326,2,49.347,26.269,36.894,23.257,10.156,6.66
1729686605076,2,50.066,26.148,37.156,23.32,10.218,6.746
1729686605801,2,50.812,26.136,37.347,22.574,10.074,6.761
1729686606555,2,51.46,25.945,37.203,22.214,10.265,6.753
1729686607324,2,51.5,25.882,36.582,22.164,10.226,7.019
1729686608047,2,51.738,26.183,36.507,21.968,10.035,6.917
1729686608800,2,47.023,26.3,37.378,21.746,10.113,6.792
1729686609548,2,51.992,26.027,32.824,21.425,10.296,6.769
1729686610304,2,48.847,26.261,36.496,20.531,10.152,6.574
1729686611067,2,47.097,26.195,36.355,20.691,10.257,6.953
1729686611912,2,51.925,26.167,32.039,21.617,10.328,6.621
1729686612666,2,50.472,26.324,37.121,20.605,10.019,6.937
1729686613431,2,50.554,26.117,36.492,20.957,10.308,6.777
1729686614189,2,48.808,26.351,36.605,21.558,inf,inf
1729686614952,2,51.593,26.433,36.574,21.449,10.148,6.957
1729686615705,2,51.718,26.367,35.781,21.656,10.046,6.816
1729686616476,2,49.433,26.289,36.507,21.304,10.011,6.71
1729686617228,2,48.648,26.339,36.765,inf,10.128,6.824
1729686617995,2,49.761,26.398,36.894,21.515,10.312,6.914
1729686618778,2,48.539,26.433,36.652,21.507,10.066,6.875
1729686619549,2,48.058,26.367,36.886,21.648,10.074,6.558
1729686620319,2,48.058,26.453,36.679,21.23,10.269,6.652
1729686621075,2,50.55,26.324,36.921,21.414,inf,6.742
1729686621890,2,47.421,26.156,36.746,21.269,10.207,6.625
1729686622650,2,47.125,26.21,36.781,21.066,10.0,6.57
1729686623403,2,49.648,26.183,36.726,21.156,9.96,6.781
1729686624162,2,50.093,26.101,36.847,20.769,10.125,6.578
1729686624940,2,51.109,26.25,36.449,20.929,10.222,6.671
1729686625707,2,50.675,26.191,36.375,20.644,10.082,6.503
1729686626472,2,50.773,26.285,36.566,20.55,10.101,6.617
1729686627244,2,47.546,26.191,36.781,20.871,10.269,6.703
1729686628031,2,50.199,26.214,36.945,21.003,10.066,6.585
1729686628784,2,50.394,26.269,36.468,20.761,10.152,6.582
1729686629554,2,50.257,26.398,37.0,20.55,10.062,6.566
1729686630322,2,51.089,26.238,36.953,20.445,10.179,6.644
1729686631109,2,50.285,26.261,36.785,20.664,10.164,6.281
1729686631859,2,50.316,26.25,36.488,20.988,10.097,6.71
1729686632616,2,50.656,26.105,36.363,20.554,10.23,6.55
1729686633379,2,50.746,26.375,36.699,20.48,10.437,6.699
1729686634150,2,50.695,26.191,36.761,20.878,10.035,6.613
1729686634913,2,50.445,26.304,36.191,20.808,10.062,6.757
1729686635665,2,50.386,26.285,36.625,20.796,10.121,6.769
1729686636433,2,50.449,26.32,36.003,20.562,10.074,6.437
1729686637198,2,50.929,26.242,36.808,21.269,10.347,6.632
1729686637948,2,50.507,26.425,36.828,20.804,10.246,6.57
1729686638701,2,50.23,inf,36.593,20.957,10.289,6.839
1729686639472,2,50.417,26.359,35.992,20.285,10.183,6.746
1729686640238,2,50.378,26.417,36.035,20.609,10.289,6.628
1729686641008,2,50.511,26.449,36.421,20.414,10.187,6.8
1729686641847,2,50.496,26.429,36.453,20.574,10.152,6.714
1729686642613,2,50.511,26.304,36.496,20.792,11.5,6.671
1729686643369,2,50.066,26.277,35.757,20.593,10.175,6.554
1729686644124,2,50.082,26.531,36.46,20.953,inf,6.75
1729686644883,2,49.761,26.558,36.46,20.171,10.019,6.679
1729686645647,2,50.207,26.636,36.746,21.128,9.98,6.843
1729686646411,2,50.113,26.621,36.554,20.73,10.128,6.917
1729686647176,2,50.726,26.445,37.335,21.195,10.23,6.863
1729686647940,2,50.667,26.55,37.304,21.179,10.304,6.773
1729686648699,2,51.015,26.421,37.253,21.226,10.089,6.664
1729686649462,2,50.675,26.578,37.164,21.496,10.101,6.718
1729686650223,2,50.492,26.539,37.089,21.332,10.183,6.64
1729686650993,2,50.41,26.21,37.164,21.429,10.089,6.808
1729686651763,2,50.312,26.289,37.214,21.347,10.222,6.988
1729686652516,2,50.683,26.23,37.218,21.222,9.929,6.796
1729686653279,2,50.753,26.417,inf,20.843,10.062,6.863
1729686654031,2,50.445,26.515,37.046,20.972,inf,6.644
1729686654783,2,50.382,26.406,37.16,20.828,10.089,6.89
1729686655552,2,50.273,26.515,37.011,20.523,10.242,6.832
1729686656364,2,50.457,26.417,37.109,20.742,10.265,6.847
1729686657127,2,50.285,26.308,36.937,20.734,9.91,6.925
1729686657875,2,49.894,inf,36.734,20.796,9.929,6.91
1729686658648,2,49.832,26.472,36.617,20.82,9.925,6.808
1729686659416,2,50.359,26.234,36.519,21.058,10.218,6.835
1729686660175,2,50.5,26.339,36.656,21.347,10.406,6.597
1729686660952,2,51.019,26.515,36.902,21.101,10.324,6.71
1729686661722,2,50.351,26.261,37.019,20.992,inf,6.726
1729686662477,2,50.199,26.371,37.125,21.027,10.195,6.863
1729686663247,2,49.792,26.714,36.582,20.593,10.363,7.0
1729686663997,2,50.656,26.992,36.437,21.3,10.164,6.683
1729686664764,2,50.535,26.691,36.89,21.558,10.296,6.976
1729686665595,2,50.425,26.742,36.625,21.226,10.121,6.734
1729686666356,2,49.359,26.64,36.031,21.019,inf,7.121
1729686667116,2,49.933,26.23,36.054,21.605,9.957,6.574
1729686667866,2,49.687,26.144,35.714,22.449,10.359,6.832
1729686668642,2,50.128,26.429,37.0,21.253,10.363,6.871
1729686669406,2,50.855,26.531,34.23,21.289,10.171,6.546
1729686670174,2,51.085,26.75,33.449,21.671,10.316,6.828
1729686670943,2,51.195,26.41,34.375,22.289,10.351,6.621
1729686671732,2,51.222,26.449,34.832,21.363,10.121,6.621
1729686672477,2,50.902,26.648,36.273,20.597,10.25,6.718
1729686673241,2,50.804,26.597,35.851,20.609,10.16,6.804
1729686673995,2,49.777,26.496,37.296,21.011,10.39,7.007
1729686674821,2,51.519,26.347,36.566,21.828,10.21,6.742
1729686675586,2,51.113,26.257,37.476,21.039,10.339,6.652
1729686676340,2,50.753,26.339,37.058,21.089,10.054,6.742
1729686677089,2,50.097,26.429,37.011,21.351,10.273,6.8
1729686677854,2,51.16,26.539,37.191,21.546,10.039,6.878
1729686678607,2,51.085,26.347,36.875,21.289,10.304,7.308
1729686679442,2,50.175,26.55,36.933,21.578,10.335,inf
1729686680194,2,48.062,26.828,36.468,21.683,10.046,6.824
1729686680942,2,51.421,26.23,36.906,21.101,10.148,6.507
1729686681687,2,50.628,26.304,36.855,21.136,10.023,6.886
1729686682438,2,50.785,26.316,36.761,20.8,9.968,6.667
1729686683198,2,47.871,26.46,36.941,21.472,10.214,6.859
1729686683953,2,47.148,26.73,37.148,21.132,inf,6.746
1729686684712,2,47.332,26.75,37.128,21.218,10.238,7.007
1729686685467,2,49.175,26.632,36.898,21.265,10.246,6.796
1729686686227,2,49.132,26.617,36.57,22.21,10.289,6.367
1729686686988,2,50.921,27.324,36.648,22.863,10.148,6.921
1729686687747,2,51.253,26.777,36.531,21.714,10.109,6.476
1729686688496,2,51.292,26.988,36.375,21.46,10.156,7.261
1729686689252,2,51.39,27.082,36.601,21.625,10.066,6.773
1729686690010,2,51.55,27.023,37.074,21.378,10.214,6.902
1729686690759,2,51.632,26.937,36.867,21.792,10.074,7.078
1729686691501,2,50.187,26.933,36.468,21.328,10.019,6.921
1729686692260,2,50.472,27.128,36.89,21.828,10.269,6.96
1729686693016,2,52.0,27.132,36.515,21.765,10.289,6.781
1729686693844,2,49.234,27.296,36.558,21.398,10.156,6.832
1729686694603,2,49.968,26.386,36.757,20.746,10.07,6.917
1729686695378,2,50.613,26.312,36.523,21.238,10.269,6.949
1729686696117,2,48.449,26.128,36.23,21.625,10.062,6.8
1729686696875,2,50.691,26.183,36.351,21.464,10.066,6.937
1729686697619,2,51.222,26.464,36.515,21.238,10.082,6.714
1729686698354,2,47.589,26.511,36.507,20.796,inf,6.671
1729686699105,2,51.199,26.46,36.589,20.976,10.183,6.957
1729686699867,2,49.199,26.429,36.617,21.046,10.292,6.867
1729686700610,2,47.757,26.503,36.71,20.957,10.027,6.832
1729686701360,2,49.449,26.386,36.531,20.804,inf,6.886
1729686702097,2,50.98,26.316,36.617,21.031,9.98,6.812
1729686702846,2,50.078,26.253,36.968,21.062,9.921,6.8
1729686703590,2,51.898,26.671,37.39,21.574,10.07,6.539
1729686704340,2,51.046,26.941,36.355,20.597,10.585,6.683
1729686705069,2,50.816,26.46,37.503,20.523,inf,7.144
1729686705819,2,49.847,26.617,36.882,20.832,10.218,6.8
1729686706552,2,50.335,26.398,36.992,19.507,10.238,7.011
1729686707298,2,48.386,29.753,33.015,18.64,10.89,6.906
1729686708047,2,41.308,29.011,30.929,25.074,10.406,7.429
1729686708799,2,54.535,31.269,30.046,17.617,11.453,7.089
1729686709534,2,41.449,26.988,31.433,19.179,11.855,6.75
1729686520631,3,42.449,26.125,33.574,20.14,10.027,inf
1729686521361,3,46.839,26.382,29.289,23.832,9.972,7.531
1729686522145,3,44.285,27.566,29.964,23.941,10.546,6.738
1729686522887,3,49.859,25.992,37.023,23.242,9.679,7.199
1729686523728,3,49.218,26.296,33.289,19.894,10.179,7.039
1729686524491,3,49.25,26.414,36.73,22.16,10.406,6.8
1729686525313,3,50.503,26.23,37.125,20.019,10.449,6.863
1729686526066,3,48.296,26.05,36.503,22.531,10.144,6.917
1729686526810,3,46.691,25.625,36.156,19.847,10.046,6.691
1729686527568,3,50.398,26.117,36.41,19.812,9.785,6.386
1729686528358,3,50.781,26.351,37.402,20.007,10.058,6.976
1729686529119,3,45.535,25.941,35.832,23.371,10.335,6.777
1729686529874,3,48.382,26.167,36.718,20.46,10.277,7.191
1729686530638,3,50.328,25.886,34.488,22.808,10.515,6.554
1729686531426,3,50.515,26.125,34.906,21.324,10.218,6.878
1729686532191,3,50.914,26.019,35.226,21.289,9.89,6.902
1729686532943,3,50.699,25.832,36.203,20.156,10.148,6.878
1729686533695,3,50.855,26.109,36.187,20.792,10.441,6.765
1729686534533,3,51.125,25.789,35.941,20.621,10.382,6.64
1729686535296,3,50.925,25.738,36.398,20.894,10.269,6.75
1729686536056,3,50.496,25.851,36.304,21.14,10.07,6.687
1729686536831,3,50.39,26.019,36.539,21.257,10.105,6.796
1729686537667,3,50.484,26.296,36.019,20.531,10.117,6.562
1729686538437,3,50.332,25.976,36.542,21.195,10.304,6.73
1729686539197,3,50.492,25.929,35.937,21.246,10.257,6.699
1729686539956,3,51.093,26.644,33.542,21.449,10.023,6.796
1729686540706,3,49.628,26.3,33.015,22.578,inf,6.785
1729686541463,3,47.671,26.23,36.781,21.699,10.05,6.882
1729686542236,3,51.394,26.066,37.988,20.519,9.968,6.824
1729686542994,3,50.394,25.703,32.046,22.777,10.429,6.96
1729686543761,3,44.546,25.773,36.871,21.746,9.851,6.601
1729686544523,3,50.511,25.542,inf,22.007,10.148,6.933
1729686545268,3,52.554,26.042,37.117,20.917,9.992,7.066
1729686546047,3,49.855,25.75,33.683,22.73,10.296,6.839
1729686546884,3,50.214,25.445,35.121,21.246,9.937,7.062
1729686547651,3,50.328,26.332,35.433,21.691,inf,6.73
1729686548420,3,49.882,26.035,34.417,20.574,9.781,6.687
1729686549193,3,49.316,25.933,36.265,21.402,9.972,6.722
1729686549958,3,49.546,25.839,36.078,21.796,10.253,6.773
1729686550729,3,49.972,26.136,36.027,21.152,10.058,6.863
1729686551496,3,49.554,25.914,36.425,22.148,9.91,6.933
1729686552226,3,49.636,25.804,35.277,21.945,10.183,6.566
1729686552989,3,50.16,26.128,36.46,20.945,9.621,6.703
1729686553745,3,49.023,26.312,37.179,21.023,10.289,6.777
1729686554503,3,49.511,25.769,37.695,22.296,inf,6.707
1729686555266,3,49.601,25.562,36.011,21.746,10.179,6.535
1729686556031,3,49.941,26.07,36.945,21.906,9.714,6.671
1729686556791,3,50.148,26.23,34.851,21.488,9.968,7.007
1729686557556,3,50.23,26.218,37.292,24.0,10.179,6.882
1729686558316,3,51.48,26.062,37.949,22.714,10.363,6.574
1729686559091,3,50.835,26.578,35.562,20.98,10.574,7.121
1729686559851,3,50.683,26.597,37.453,21.89,10.105,6.949
1729686560622,3,51.945,25.976,37.324,21.484,10.046,6.976
1729686561381,3,46.16,25.968,32.664,21.472,10.375,7.042
1729686562196,3,51.89,26.242,35.582,27.867,10.011,7.125
1729686562950,3,51.117,26.64,31.886,21.781,10.058,6.691
1729686563715,3,46.82,26.007,34.125,23.23,10.128,7.171
1729686564492,3,51.894,26.335,35.941,22.746,10.339,7.117
1729686565340,3,51.316,26.597,36.421,20.46,9.613,6.867
1729686566189,3,51.222,26.441,34.902,23.121,10.175,6.562
1729686566956,3,51.226,26.222,35.871,20.332,9.957,6.601
1729686567710,3,51.218,26.917,36.886,21.207,9.996,6.507
1729686568551,3,51.402,26.261,35.722,24.031,9.921,6.867
1729686569316,3,50.527,26.468,36.871,21.429,10.32,6.898
1729686570081,3,51.367,26.019,33.226,21.351,10.246,7.167
1729686570852,3,52.179,31.007,37.386,21.644,10.07,6.64
1729686571695,3,51.515,28.031,37.039,22.015,11.246,7.179
1729686572441,3,50.675,26.968,38.05,22.082,10.882,6.64
1729686573186,3,50.179,26.753,36.703,21.417,10.179,6.769
1729686573963,3,52.371,27.32,36.351,22.964,10.414,6.871
1729686574721,3,51.171,26.398,36.882,21.332,10.472,7.05
1729686575484,3,51.289,26.527,36.191,21.679,10.125,7.171
1729686576249,3,50.062,26.941,37.011,21.273,9.984,6.691
1729686577019,3,49.769,27.25,37.234,22.218,10.222,6.785
1729686577796,3,51.71,26.632,inf,21.23,10.296,6.785
1729686578552,3,52.074,26.527,36.484,22.542,10.031,6.773
1729686579314,3,52.363,26.417,35.449,20.98,10.042,6.886
1729686580067,3,51.8,26.179,36.66,22.121,10.328,6.957
1729686580918,3,48.949,26.371,37.242,21.675,9.902,6.851
1729686581675,3,52.234,26.73,36.742,21.921,10.062,7.082
1729686582439,3,51.945,26.226,36.554,22.8,10.3,6.601
1729686583194,3,51.988,26.417,37.054,21.515,10.55,6.898
1729686584123,3,52.238,26.378,37.542,22.289,10.292,6.89
1729686584894,3,52.07,26.164,36.953,21.828,10.613,6.703
1729686585656,3,52.195,26.039,36.816,21.621,10.472,6.832
1729686586423,3,52.164,26.101,36.652,21.527,10.429,6.761
1729686587266,3,52.128,26.027,37.136,21.375,10.371,6.753
1729686588038,3,51.777,26.121,36.753,21.558,10.175,6.832
1729686588800,3,51.976,26.199,36.617,21.324,10.285,6.828
1729686589550,3,52.394,26.281,37.089,22.007,10.5,6.843
1729686590394,3,51.925,26.128,35.617,21.96,10.207,6.804
1729686591156,3,51.484,26.777,37.441,21.234,10.085,6.843
1729686591924,3,47.66,26.175,34.82,20.414,10.238,6.953
1729686592682,3,51.238,25.996,36.089,21.46,10.226,6.917
1729686593512,3,51.027,26.007,36.074,21.25,10.046,6.91
1729686594277,3,51.886,26.0,36.832,21.757,10.296,7.027
1729686595049,3,51.285,26.421,36.921,22.843,10.113,6.777
1729686595809,3,51.789,26.453,35.488,22.058,10.132,7.027
1729686596648,3,51.308,26.382,35.636,20.91,10.074,6.761
1729686597419,3,48.574,26.519,36.937,21.695,9.984,6.777
1729686598175,3,51.32,25.933,36.355,21.406,10.027,6.89
1729686598936,3,51.324,26.792,37.585,21.734,10.277,6.886
1729686599771,3,50.757,26.238,36.402,22.988,10.023,6.859
1729686600509,3,50.792,25.992,36.214,22.046,10.128,7.046
1729686601280,3,51.964,26.203,36.167,22.097,10.183,6.875
1729686602042,3,51.484,26.503,35.664,22.574,10.187,6.765
1729686602803,3,51.308,26.554,36.691,22.425,10.359,6.828
1729686603564,3,51.281,26.445,36.984,23.964,10.0,6.832
1729686604326,3,49.347,26.269,36.894,23.257,10.156,6.66
1729686605076,3,50.066,26.148,37.156,23.32,10.218,6.746
1729686605801,3,50.812,26.136,37.347,22.574,10.074,6.761
1729686606555,3,51.46,25.945,37.203,22.214,10.265,6.753
1729686607324,3,51.5,25.882,36.582,22.164,10.226,7.019
1729686608047,3,51.738,26.183,36.507,21.968,10.035,6.917
1729686608800,3,47.023,26.3,37.378,21.746,10.113,6.792
1729686609548,3,51.992,26.027,32.824,21.425,10.296,6.769
1729686610304,3,48.847,26.261,36.496,20.531,10.152,6.574
1729686611067,3,47.097,26.195,36.355,20.691,10.257,6.953
1729686611912,3,51.925,26.167,32.039,21.617,10.328,6.621
1729686612666,3,50.472,26.324,37.121,20.605,10.019,6.937
1729686613431,3,50.554,26.117,36.492,20.957,10.308,6.777
1729686614189,3,48.808,26.351,36.605,21.558,inf,inf
1729686614952,3,51.593,26.433,36.574,21.449,10.148,6.957
1729686615705,3,51.718,26.367,35.781,21.656,10.046,6.816
1729686616476,3,49.433,26.289,36.507,21.304,10.011,6.71
1729686617228,3,48.648,26.339,36.765,inf,10.128,6.824
1729686617995,3,49.761,26.398,36.894,21.515,10.312,6.914
1729686618778,3,48.539,26.433,36.652,21.507,10.066,6.875
1729686619549,3,48.058,26.367,36.886,21.648,10.074,6.558
1729686620319,3,48.058,26.453,36.679,21.23,10.269,6.652
1729686621075,3,50.55,26.324,36.921,21.414,inf,6.742
1729686621890,3,47.421,26.156,36.746,21.269,10.207,6.625
1729686622650,3,47.125,26.21,36.781,21.066,10.0,6.57
1729686623403,3,49.648,26.183,36.726,21.156,9.96,6.781
1729686624162,3,50.093,26.101,36.847,20.769,10.125,6.578
1729686624940,3,51.109,26.25,36.449,20.929,10.222,6.671
1729686625707,3,50.675,26.191,36.375,20.644,10.082,6.503
1729686626472,3,50.773,26.285,36.566,20.55,10.101,6.617
1729686627244,3,47.546,26.191,36.781,20.871,10.269,6.703
1729686628031,3,50.199,26.214,36.945,21.003,10.066,6.585
1729686628784,3,50.394,26.269,36.468,20.761,10.152,6.582
1729686629554,3,50.257,26.398,37.0,20.55,10.062,6.566
1729686630322,3,51.089,26.238,36.953,20.445,10.179,6.644
1729686631109,3,50.285,26.261,36.785,20.664,10.164,6.281
1729686631859,3,50.316,26.25,36.488,20.988,10.097,6.71
1729686632616,3,50.656,26.105,36.363,20.554,10.23,6.55
1729686633379,3,50.746,26.375,36.699,20.48,10.437,6.699
1729686634150,3,50.695,26.191,36.761,20.878,10.035,6.613
1729686634913,3,50.445,26.304,36.191,20.808,10.062,6.757
1729686635665,3,50.386,26.285,36.625,20.796,10.121,6.769
1729686636433,3,50.449,26.32,36.003,20.562,10.074,6.437
1729686637198,3,50.929,26.242,36.808,21.269,10.347,6.632
1729686637948,3,50.507,26.425,36.828,20.804,10.246,6.57
1729686638701,3,50.23,inf,36.593,20.957,10.289,6.839
1729686639472,3,50.417,26.359,35.992,20.285,10.183,6.746
1729686640238,3,50.378,26.417,36.035,20.609,10.289,6.628
1729686641008,3,50.511,26.449,36.421,20.414,10.187,6.8
1729686641847,3,50.496,26.429,36.453,20.574,10.152,6.714
1729686642613,3,50.511,26.304,36.496,20.792,11.5,6.671
1729686643369,3,50.066,26.277,35.757,20.593,10.175,6.554
1729686644124,3,50.082,26.531,36.46,20.953,inf,6.75
1729686644883,3,49.761,26.558,36.46,20.171,10.019,6.679
1729686645647,3,50.207,26.636,36.746,21.128,9.98,6.843
1729686646411,3,50.113,26.621,36.554,20.73,10.128,6.917
1729686647176,3,50.726,26.445,37.335,21.195,10.23,6.863
1729686647940,3,50.667,26.55,37.304,21.179,10.304,6.773
1729686648699,3,51.015,26.421,37.253,21.226,10.089,6.664
1729686649462,3,50.675,26.578,37.164,21.496,10.101,6.718
1729686650223,3,50.492,26.539,37.089,21.332,10.183,6.64
1729686650993,3,50.41,26.21,37.164,21.429,10.089,6.808
1729686651763,3,50.312,26.289,37.214,21.347,10.222,6.988
1729686652516,3,50.683,26.23,37.218,21.222,9.929,6.796
1729686653279,3,50.753,26.417,inf,20.843,10.062,6.863
1729686654031,3,50.445,26.515,37.046,20.972,inf,6.644
1729686654783,3,50.382,26.406,37.16,20.828,10.089,6.89
1729686655552,3,50.273,26.515,37.011,20.523,10.242,6.832
1729686656364,3,50.457,26.417,37.109,20.742,10.265,6.847
1729686657127,3,50.285,26.308,36.937,20.734,9.91,6.925
1729686657875,3,49.894,inf,36.734,20.796,9.929,6.91
1729686658648,3,49.832,26.472,36.617,20.82,9.925,6.808
1729686659416,3,50.359,26.234,36.519,21.058,10.218,6.835
1729686660175,3,50.5,26.339,36.656,21.347,10.406,6.597
1729686660952,3,51.019,26.515,36.902,21.101,10.324,6.71
1729686661722,3,50.351,26.261,37.019,20.992,inf,6.726
1729686662477,3,50.199,26.371,37.125,21.027,10.195,6.863
1729686663247,3,49.792,26.714,36.582,20.593,10.363,7.0
1729686663997,3,50.656,26.992,36.437,21.3,10.164,6.683
1729686664764,3,50.535,26.691,36.89,21.558,10.296,6.976
1729686665595,3,50.425,26.742,36.625,21.226,10.121,6.734
1729686666356,3,49.359,26.64,36.031,21.019,inf,7.121
1729686667116,3,49.933,26.23,36.054,21.605,9.957,6.574
1729686667866,3,49.687,26.144,35.714,22.449,10.359,6.832
1729686668642,3,50.128,26.429,37.0,21.253,10.363,6.871
1729686669406,3,50.855,26.531,34.23,21.289,10.171,6.546
1729686670174,3,51.085,26.75,33.449,21.671,10.316,6.828
1729686670943,3,51.195,26.41,34.375,22.289,10.351,6.621
1729686671732,3,51.222,26.449,34.832,21.363,10.121,6.621
1729686672477,3,50.902,26.648,36.273,20.597,10.25,6.718
1729686673241,3,50.804,26.597,35.851,20.609,10.16,6.804
1729686673995,3,49.777,26.496,37.296,21.011,10.39,7.007
1729686674821,3,51.519,26.347,36.566,21.828,10.21,6.742
1729686675586,3,51.113,26.257,37.476,21.039,10.339,6.652
1729686676340,3,50.753,26.339,37.058,21.089,10.054,6.742
1729686677089,3,50.097,26.429,37.011,21.351,10.273,6.8
1729686677854,3,51.16,26.539,37.191,21.546,10.039,6.878
1729686678607,3,51.085,26.347,36.875,21.289,10.304,7.308
1729686679442,3,50.175,26.55,36.933,21.578,10.335,inf
1729686680194,3,48.062,26.828,36.468,21.683,10.046,6.824
1729686680942,3,51.421,26.23,36.906,21.101,10.148,6.507
1729686681687,3,50.628,26.304,36.855,21.136,10.023,6.886
1729686682438,3,50.785,26.316,36.761,20.8,9.968,6.667
1729686683198,3,47.871,26.46,36.941,21.472,10.214,6.859
1729686683953,3,47.148,26.73,37.148,21.132,inf,6.746
1729686684712,3,47.332,26.75,37.128,21.218,10.238,7.007
1729686685467,3,49.175,26.632,36.898,21.265,10.246,6.796
1729686686227,3,49.132,26.617,36.57,22.21,10.289,6.367
1729686686988,3,50.921,27.324,36.648,22.863,10.148,6.921
1729686687747,3,51.253,26.777,36.531,21.714,10.109,6.476
1729686688496,3,51.292,26.988,36.375,21.46,10.156,7.261
1729686689252,3,51.39,27.082,36.601,21.625,10.066,6.773
1729686690010,3,51.55,27.023,37.074,21.378,10.214,6.902
1729686690759,3,51.632,26.937,36.867,21.792,10.074,7.078
1729686691501,3,50.187,26.933,36.468,21.328,10.019,6.921
1729686692260,3,50.472,27.128,36.89,21.828,10.269,6.96
1729686693016,3,52.0,27.132,36.515,21.765,10.289,6.781
1729686693844,3,49.234,27.296,36.558,21.398,10.156,6.832
1729686694603,3,49.968,26.386,36.757,20.746,10.07,6.917
1729686695378,3,50.613,26.312,36.523,21.238,10.269,6.949
1729686696117,3,48.449,26.128,36.23,21.625,10.062,6.8
1729686696875,3,50.691,26.183,36.351,21.464,10.066,6.937
1729686697619,3,51.222,26.464,36.515,21.238,10.082,6.714
1729686698354,3,47.589,26.511,36.507,20.796,inf,6.671
1729686699105,3,51.199,26.46,36.589,20.976,10.183,6.957
1729686699867,3,49.199,26.429,36.617,21.046,10.292,6.867
1729686700610,3,47.757,26.503,36.71,20.957,10.027,6.832
1729686701360,3,49.449,26.386,36.531,20.804,inf,6.886
1729686702097,3,50.98,26.316,36.617,21.031,9.98,6.812
1729686702846,3,50.078,26.253,36.968,21.062,9.921,6.8
1729686703590,3,51.898,26.671,37.39,21.574,10.07,6.539
1729686704340,3,51.046,26.941,36.355,20.597,10.585,6.683
1729686705069,3,50.816,26.46,37.503,20.523,inf,7.144
1729686705819,3,49.847,26.617,36.882,20.832,10.218,6.8
1729686706552,3,50.335,26.398,36.992,19.507,10.238,7.011
1729686707298,3,48.386,29.753,33.015,18.64,10.89,6.906
1729686708047,3,41.308,29.011,30.929,25.074,10.406,7.429
1729686708799,3,54.535,31.269,30.046,17.617,11.453,7.089
1729686709534,3,41.449,26.988,31.433,19.179,11.855,6.75
1729686799925,4,41.019,24.222,26.722,17.386,8.89,4.968
1729686800700,4,41.984,24.656,26.437,17.925,8.734,5.058
1729686801449,4,inf,24.546,26.839,17.582,9.902,5.039
1729686802190,4,39.82,24.187,26.894,17.808,9.308,5.0
1729686802938,4,40.828,24.652,26.734,17.804,inf,5.007
1729686803694,4,40.789,24.324,26.593,17.691,13.3,4.953
1729686804434,4,40.488,24.468,26.464,17.816,8.906,5.011
1729686805191,4,41.402,24.406,26.949,17.847,8.093,5.078
1729686806019,4,41.109,24.57,26.488,17.933,9.05,5.097
1729686806807,4,40.527,24.464,26.25,17.753,11.253,5.074
1729686807560,4,40.582,24.687,26.425,17.98,10.011,5.16
1729686808311,4,40.613,24.621,26.328,17.835,9.39,5.183
1729686809065,4,41.097,24.492,26.093,17.769,11.183,5.289
1729686809817,4,41.402,24.511,26.085,17.929,11.148,5.25
1729686810557,4,40.316,24.339,26.32,inf,11.257,5.308
1729686811304,4,39.914,24.214,25.894,17.902,8.816,5.089
1729686812059,4,40.046,24.386,26.492,17.863,8.078,5.3
1729686812815,4,38.996,24.421,26.57,17.496,7.765,5.316
1729686813550,4,39.925,24.253,26.253,18.074,inf,5.375
1729686814304,4,39.304,24.257,26.523,17.761,8.023,5.496
1729686815058,4,39.05,24.179,26.671,17.808,7.21,5.355
1729686815806,4,40.027,24.484,26.699,17.89,7.984,5.152
1729686816548,4,39.417,24.445,26.761,17.824,8.378,5.167
1729686817294,4,39.73,24.375,26.519,17.847,7.824,5.296
1729686818042,4,40.191,24.152,26.355,17.66,7.726,5.148
1729686818790,4,39.597,24.402,26.218,17.828,8.011,5.125
1729686819558,4,39.007,24.32,26.32,17.609,7.906,5.312
1729686820306,4,39.882,24.16,26.562,17.757,8.371,5.347
1729686821048,4,40.25,24.046,26.421,17.789,inf,5.496
1729686821826,4,40.55,24.07,26.558,17.757,7.984,5.496
1729686822654,4,40.359,24.14,26.835,17.847,7.664,5.265
1729686823407,4,40.339,24.105,26.761,17.472,7.464,5.128
1729686824156,4,40.816,24.136,26.699,17.761,7.5,5.238
1729686824906,4,40.484,24.085,26.343,17.757,7.484,5.289
1729686825749,4,40.832,24.042,26.351,17.792,7.375,5.429
1729686826503,4,40.062,24.144,26.398,17.894,7.589,5.238
1729686827247,4,40.441,24.3,26.394,17.929,7.644,5.292
1729686828002,4,40.628,24.39,26.46,17.714,7.535,5.136
1729686828783,4,40.269,24.246,26.496,17.558,7.601,5.265
1729686829524,4,41.476,24.187,26.597,17.609,inf,5.156
1729686830270,4,40.964,24.066,26.46,17.871,7.699,5.324
1729686831018,4,40.23,24.195,26.375,17.972,7.609,5.332
1729686831833,4,40.664,24.218,26.5,18.05,7.765,5.464
1729686832586,4,40.156,24.179,26.265,17.781,12.476,5.484
1729686833327,4,40.289,24.308,26.66,17.773,7.554,5.351
1729686834165,4,40.867,24.382,26.371,17.523,7.66,5.238
1729686834979,4,40.402,24.285,26.437,17.71,9.039,5.347
1729686835722,4,41.32,24.292,26.3,17.531,9.207,5.328
1729686836470,4,41.691,24.406,26.437,17.468,8.285,5.207
1729686837221,4,41.148,24.492,26.359,17.437,7.863,5.285
1729686837975,4,40.429,24.351,26.23,17.484,7.609,5.242
1729686838720,4,40.433,24.417,26.199,17.441,7.839,5.378
1729686839470,4,40.359,24.457,26.437,17.605,8.289,5.16
1729686840218,4,40.007,24.164,26.296,17.359,8.992,5.289
1729686840978,4,39.695,24.429,26.117,17.488,8.128,5.324
1729686841719,4,38.843,24.39,26.148,17.671,8.148,5.23
1729686842470,4,39.347,24.292,26.234,17.644,8.539,4.984
1729686843221,4,38.972,24.093,26.285,17.683,inf,5.371
1729686843964,4,39.652,24.179,26.328,17.695,7.984,5.191
1729686844712,4,38.957,24.167,26.261,17.921,8.421,5.054
1729686845463,4,39.351,24.343,26.312,17.687,9.222,5.351
1729686846217,4,39.925,24.457,26.558,17.656,8.402,5.171
1729686846954,4,39.949,24.414,26.585,17.839,7.917,5.32
1729686847740,4,39.429,24.207,26.363,17.597,8.285,5.281
1729686848490,4,39.296,24.156,26.257,17.609,7.652,5.261
1729686849241,4,39.109,24.148,26.113,17.644,9.457,5.242
1729686849995,4,39.675,23.937,26.355,17.699,9.132,5.437
1729686850773,4,40.238,24.027,26.097,17.941,8.257,5.437
1729686851524,4,39.558,23.98,26.167,17.609,10.89,5.214
1729686852264,4,40.14,23.664,26.398,17.574,inf,inf
1729686853009,4,40.449,24.16,26.085,17.96,7.492,5.203
1729686853761,4,40.023,24.05,26.8,17.554,7.644,5.093
1729686854506,4,39.773,24.097,26.445,17.714,7.878,5.21
1729686855255,4,39.464,24.308,26.484,17.542,7.679,5.113
1729686856017,4,39.296,24.031,26.273,17.687,7.648,5.105
1729686856757,4,40.351,23.91,26.269,17.617,8.41,4.945
1729686857509,4,39.566,23.941,25.988,17.601,8.683,5.078
1729686858260,4,39.792,24.328,26.566,17.687,8.921,5.32
1729686859021,4,39.683,24.347,26.187,17.531,9.378,5.187
1729686859772,4,39.343,24.171,26.074,17.695,7.585,5.062
1729686860508,4,40.105,24.062,26.562,17.628,8.039,5.062
1729686861261,4,39.167,24.335,26.425,17.628,8.984,5.183
1729686862012,4,39.472,23.945,26.187,17.703,10.175,5.015
1729686862763,4,39.667,24.281,26.648,17.746,11.531,4.929
1729686863509,4,40.855,inf,26.632,17.832,13.335,5.503
1729686864259,4,40.421,24.304,26.593,17.734,9.25,5.101
1729686865009,4,40.113,24.187,26.796,17.824,8.945,5.082
1729686865753,4,40.339,24.167,26.441,17.792,8.261,5.195
1729686866531,4,40.64,24.371,26.347,17.601,13.109,5.308
1729686867282,4,40.335,24.296,26.562,17.683,9.628,5.277
1729686868035,4,40.863,24.328,26.585,17.644,13.703,5.093
1729686868790,4,40.164,24.277,26.57,17.703,14.066,5.054
1729686869583,4,40.972,24.277,26.558,17.777,9.906,5.207
1729686870331,4,41.039,24.449,26.691,17.523,9.667,5.187
1729686871089,4,41.058,24.207,26.484,17.644,8.66,5.105
1729686871831,4,41.191,24.148,26.07,17.73,9.98,5.253
1729686872613,4,40.988,24.167,26.648,17.687,9.949,5.175
1729686873376,4,41.226,24.152,26.66,17.808,9.617,5.296
1729686874130,4,40.734,24.355,26.375,17.769,9.835,5.179
1729686874876,4,40.957,24.328,26.414,17.765,inf,5.132
1729686875695,4,40.757,24.261,26.429,17.769,9.757,5.23
1729686876444,4,40.761,24.355,26.64,17.582,9.617,5.164
1729686877191,4,40.718,24.14,26.625,17.816,inf,5.167
1729686877936,4,41.859,24.101,26.722,17.765,9.8,5.183
1729686878675,4,40.765,24.285,26.746,17.757,10.179,5.281
1729686879511,4,41.23,24.035,26.667,17.683,9.613,5.417
1729686880257,4,40.984,23.949,26.23,17.703,10.16,5.277
1729686881014,4,39.957,23.984,25.949,17.457,10.625,5.023
1729686881763,4,40.824,24.062,26.773,17.32,10.351,5.164
1729686882514,4,39.71,24.027,26.402,17.531,9.035,5.429
1729686883266,4,41.125,24.156,26.222,17.535,13.5,5.246
1729686884018,4,49.589,24.117,26.238,17.64,8.91,5.339
1729686884766,4,40.085,24.378,25.878,17.39,9.57,5.183
1729686885514,4,39.445,24.0,26.964,17.953,11.054,5.371
1729686886269,4,39.765,24.062,28.16,17.863,13.523,5.042
1729686887142,4,40.746,24.003,30.632,17.66,9.781,4.894
1729686887898,4,40.953,24.121,26.566,17.675,8.164,5.16
1729686888648,4,41.527,24.437,26.929,17.421,9.46,5.125
1729686889401,4,45.992,24.625,25.82,17.628,8.07,5.367
1729686890148,4,40.171,24.429,27.382,17.554,inf,5.089
1729686890903,4,40.292,24.214,27.023,17.39,9.058,5.031
1729686891648,4,41.246,24.011,26.843,17.828,7.203,5.203
1729686892400,4,46.253,24.468,26.703,17.492,7.628,5.179
1729686893152,4,41.636,24.148,26.632,17.621,8.652,5.414
1729686893910,4,49.445,24.035,26.804,17.835,9.496,5.191
1729686894651,4,39.675,24.003,26.488,17.953,8.23,5.234
1729686895411,4,38.437,24.089,25.925,17.695,8.113,5.203
1729686896171,4,41.203,23.859,29.636,18.0,8.402,5.324
1729686896921,4,41.531,23.921,27.058,17.882,9.324,5.253
1729686897702,4,39.941,23.769,27.32,18.007,8.886,5.226
1729686898462,4,40.566,23.941,27.05,17.914,10.007,5.16
1729686899223,4,40.652,24.054,27.046,17.722,8.402,5.218
1729686899980,4,40.187,23.957,27.007,17.714,8.23,5.261
1729686900797,4,38.98,23.996,26.726,17.636,8.953,5.175
1729686901558,4,40.085,23.906,26.398,17.46,9.101,5.324
1729686902296,4,45.535,24.164,26.164,17.921,9.652,5.277
1729686903050,4,41.89,23.882,26.101,17.765,8.832,5.078
1729686903825,4,41.839,23.929,26.015,17.875,8.328,5.195
1729686904576,4,47.554,24.195,26.273,17.785,8.355,5.16
1729686905330,4,45.328,24.007,26.332,17.804,8.648,5.121
1729686906080,4,40.984,24.312,26.183,18.011,9.566,5.164
1729686906827,4,40.382,24.078,26.113,17.457,8.734,5.261
1729686907568,4,39.644,23.847,26.062,17.57,8.871,4.925
1729686908321,4,39.566,23.843,25.863,17.335,9.125,4.98
1729686909071,4,40.562,24.031,26.058,17.574,9.312,5.066
1729686909828,4,41.484,24.304,26.285,17.925,10.527,5.21
1729686910578,4,43.035,24.488,26.535,18.187,9.976,5.242
1729686911331,4,49.253,24.433,26.519,17.914,9.152,5.027
1729686912080,4,41.406,23.886,26.691,17.929,7.699,5.179
1729686912840,4,45.726,23.652,26.199,18.187,7.679,5.226
1729686913577,4,42.125,23.898,26.175,17.48,8.484,5.343
1729686914333,4,47.843,23.898,26.363,18.277,8.433,4.976
1729686915085,4,44.82,24.117,26.511,17.691,9.0,5.105
1729686915837,4,48.718,24.48,26.902,17.398,8.375,5.113
1729686916587,4,inf,24.191,26.441,17.472,9.437,5.261
1729686917336,4,45.64,23.796,26.335,18.066,8.769,4.937
1729686918073,4,41.074,23.437,26.48,18.382,9.382,4.953
1729686918826,4,39.566,23.488,26.734,17.718,8.761,5.128
1729686919676,4,40.117,23.554,26.859,17.304,8.394,5.105
1729686920423,4,40.398,23.683,26.601,17.496,8.531,5.105
1729686921171,4,46.144,23.628,26.273,17.824,9.757,4.976
1729686921922,4,41.578,23.82,26.292,17.644,11.144,5.32
1729686922705,4,39.554,23.867,27.601,17.382,8.109,5.421
1729686923451,4,41.39,23.707,26.074,17.992,7.699,5.265
1729686924198,4,40.46,24.324,26.312,17.964,13.328,5.371
1729686924947,4,40.945,24.343,26.593,17.976,7.843,5.488
1729686925743,4,40.101,24.488,27.121,17.769,13.257,5.296
1729686926495,4,40.234,24.445,inf,17.472,10.71,5.222
1729686927248,4,41.511,23.824,26.765,17.695,9.496,6.535
1729686927997,4,40.449,24.484,26.839,17.546,8.757,5.175
1729686928767,4,39.5,24.23,26.367,17.945,8.625,5.234
1729686929516,4,41.105,23.902,26.406,17.742,inf,5.066
1729686930272,4,41.152,23.882,26.617,18.308,9.351,5.167
1729686931027,4,43.289,24.171,26.753,17.925,9.753,4.882
1729686931833,4,41.234,24.203,26.761,18.148,10.785,5.125
1729686932589,4,40.765,23.757,26.683,18.332,9.785,5.144
1729686933341,4,40.855,24.019,26.347,18.351,10.824,5.167
1729686934085,4,40.644,24.175,26.671,18.378,10.394,5.0
1729686934830,4,41.183,24.406,26.89,18.386,10.082,5.261
1729686935588,4,40.207,24.351,27.058,18.296,9.121,4.929
1729686936340,4,40.113,24.582,26.964,18.476,9.671,5.234
1729686937099,4,41.128,24.664,26.957,18.39,9.683,5.437
1729686937866,4,40.0,24.66,26.933,18.242,9.539,5.144
1729686938609,4,39.324,24.164,27.015,18.187,9.343,5.21
1729686939371,4,40.386,24.441,26.718,18.234,9.648,5.023
1729686940124,4,42.949,24.16,26.144,17.906,9.609,5.242
1729686940871,4,40.503,24.273,26.636,17.98,8.957,5.078
1729686941616,4,40.937,23.765,27.742,17.39,7.785,5.234
1729686942358,4,40.984,23.898,26.527,17.015,9.734,5.347
1729686943191,4,42.285,23.863,27.054,17.16,8.73,5.265
1729686943947,4,40.769,23.699,26.96,17.515,9.585,5.308
1729686944699,4,41.316,23.824,26.847,17.496,9.07,5.195
1729686945452,4,41.5,23.941,26.777,17.375,inf,5.207
1729686946209,4,43.839,23.875,26.683,17.589,9.777,5.41
1729686946957,4,42.101,24.042,26.714,17.652,8.894,5.472
1729686947712,4,43.484,24.308,26.73,17.472,9.531,5.468
1729686948463,4,45.453,24.199,26.91,17.523,9.71,5.308
1729686949216,4,44.699,24.011,26.679,17.429,9.773,5.203
1729686949968,4,45.085,24.121,26.632,17.535,9.074,5.222
1729686950759,4,41.109,24.144,26.441,17.585,9.261,5.285
1729686951498,4,40.609,24.093,26.304,17.707,9.214,5.39
1729686952245,4,inf,24.347,26.878,17.914,8.078,5.093
1729686953011,4,40.179,24.48,26.917,18.285,8.132,5.066
1729686953783,4,40.75,24.433,26.847,18.171,8.363,5.468
1729686954536,4,39.613,24.3,26.839,18.265,8.777,5.386
1729686955287,4,41.507,23.91,26.441,18.078,8.753,5.398
1729686956039,4,49.203,23.214,26.308,17.871,8.421,5.441
1729686956806,4,45.128,23.23,25.996,17.671,7.652,5.218
1729686957563,4,40.664,23.246,26.007,17.562,8.414,5.289
1729686958314,4,42.441,23.371,26.347,17.855,8.511,5.347
1729686959073,4,41.042,23.972,26.121,17.632,13.75,5.324
1729686959817,4,40.957,23.957,25.945,17.507,13.847,5.046
1729686960546,4,40.046,24.007,26.394,17.648,13.554,inf
1729686961314,4,40.265,23.957,26.171,17.652,13.46,5.308
1729686962056,4,41.699,24.089,26.175,17.589,14.019,5.074
1729686962800,4,41.968,23.726,26.148,17.855,9.843,5.164
1729686963551,4,45.488,24.097,26.39,17.535,7.765,5.093
1729686964309,4,41.558,23.992,26.074,17.324,8.144,5.429
1729686965062,4,43.964,23.878,25.914,17.425,13.878,5.363
1729686965809,4,41.937,24.058,26.41,17.476,9.57,5.39
1729686966548,4,45.414,23.867,25.945,17.468,9.566,5.316
1729686967313,4,40.777,23.734,26.449,17.46,13.398,5.39
1729686968062,4,39.152,23.808,26.347,16.964,9.058,5.339
1729686968808,4,41.414,24.113,32.636,17.425,9.535,5.394
1729686969590,4,41.644,24.496,26.445,17.906,7.437,5.097
1729686970431,4,45.453,24.656,26.742,17.914,8.066,5.273
1729686971180,4,43.062,24.617,26.625,17.597,7.707,4.964
1729686972007,4,40.968,24.558,26.691,17.535,7.867,4.929
1729686972751,4,40.816,24.398,26.48,17.66,8.304,5.0
1729686973505,4,41.351,24.308,26.449,17.746,7.39,4.863
1729686974261,4,40.679,24.281,26.714,17.769,8.035,5.308
1729686975023,4,40.238,24.429,26.578,17.71,7.832,4.902
1729686975772,4,40.41,24.347,26.64,17.691,8.355,5.066
1729686976514,4,44.371,24.066,29.585,17.847,8.109,4.988
1729686977254,4,39.601,24.246,27.832,17.55,7.296,5.203
1729686978010,4,40.863,24.55,26.601,17.835,6.972,5.195
1729686978846,4,39.265,24.511,27.0,17.718,7.187,5.046
1729686979599,4,40.167,24.496,27.675,17.796,7.308,4.832
1729686980347,4,38.164,24.195,26.417,17.5,7.871,5.21
1729686981095,4,37.839,24.347,26.55,17.101,6.66,5.234
1729686981854,4,37.265,24.339,26.57,17.363,7.289,5.066
1729686982600,4,37.636,24.195,26.042,17.613,8.257,5.308
1729686983362,4,48.421,24.058,26.445,17.5,8.082,5.269
1729686984113,4,40.074,24.105,26.183,17.589,6.917,5.214
1729686984911,4,38.214,23.906,26.617,17.953,6.933,5.183
1729686985652,4,37.789,24.046,26.738,18.171,6.656,5.058
1729686986404,4,38.347,23.781,30.859,17.921,7.378,4.937
1729686987175,4,39.578,24.113,26.414,18.179,7.046,5.132
1729686987932,4,39.105,24.136,26.691,18.25,7.957,5.16
1729686988678,4,41.21,24.148,26.226,17.703,7.468,5.222
1729686989417,4,39.269,23.894,26.398,17.863,inf,5.207
1729686990191,4,40.707,24.281,27.062,18.015,7.101,5.152
1729686990933,4,39.925,24.371,26.597,17.714,7.753,5.191
1729686991689,4,39.746,24.214,26.105,17.96,8.144,5.015
1729686992443,4,40.011,24.285,28.769,17.636,inf,5.421
1729686993204,4,39.363,24.273,26.457,17.472,6.667,5.16
1729686993957,4,39.363,24.062,26.402,17.468,6.832,5.046
1729686994710,4,39.71,24.167,31.542,17.152,6.492,4.882
1729686995457,4,40.273,24.23,26.582,17.601,7.3,4.964
1729686996211,4,39.792,24.203,26.332,17.511,7.687,4.886
1729686996967,4,40.656,24.207,26.394,17.687,7.742,4.937
1729686997712,4,41.226,24.046,27.007,17.707,9.863,5.015
1729686998454,4,41.414,24.179,26.32,17.71,9.41,5.042
1729686999296,4,44.882,24.066,27.234,17.507,8.671,5.164
1729687000048,4,39.261,24.179,26.683,18.285,inf,5.16
1729687000793,4,45.066,23.957,27.414,17.675,7.222,5.015
1729687001552,4,40.5,24.347,26.933,16.976,7.457,5.078
1729687002302,4,47.175,32.527,25.804,20.066,7.605,4.824
1729687003041,4,37.457,21.32,34.632,18.917,8.011,5.851
1729687153091,5,38.726,23.972,26.878,17.925,7.304,4.843
1729687153839,5,39.312,24.07,27.398,17.343,7.75,4.839
1729687154665,5,39.304,23.953,26.953,18.14,7.777,4.664
1729687155422,5,39.621,23.773,27.265,17.808,7.39,5.16
1729687156188,5,39.296,24.48,27.707,17.574,7.187,5.179
1729687156944,5,39.476,24.457,26.875,17.777,8.531,5.058
1729687157698,5,38.984,23.988,27.359,17.828,7.105,5.199
1729687158459,5,39.191,24.367,27.25,17.769,7.753,5.058
1729687159220,5,38.257,24.003,27.07,17.648,8.148,5.308
1729687159975,5,38.75,24.0,27.257,17.734,inf,5.027
1729687160744,5,38.894,24.003,27.343,17.742,7.234,5.14
1729687161505,5,39.574,24.25,27.308,17.644,inf,5.14
1729687162258,5,38.91,24.101,27.171,17.722,7.363,5.207
1729687163005,5,38.761,24.23,27.187,17.71,7.511,5.074
1729687163770,5,39.394,24.066,27.347,17.781,7.347,5.191
1729687164536,5,39.07,24.07,27.378,17.777,7.417,5.0
1729687165290,5,38.757,24.035,27.128,17.753,7.0,5.05
1729687166035,5,39.664,24.101,27.359,17.753,7.132,5.093
1729687166796,5,39.402,24.191,27.089,17.679,7.859,5.187
1729687167546,5,38.945,24.105,27.398,17.742,8.625,5.003
1729687168311,5,40.316,23.937,26.957,17.734,7.261,5.132
1729687169074,5,40.582,24.156,27.359,17.722,7.55,5.101
1729687169826,5,38.046,24.007,27.179,17.613,7.652,4.984
1729687170574,5,37.41,24.199,27.164,17.722,7.394,5.156
1729687171335,5,38.757,24.054,27.343,17.636,7.156,5.0
1729687172087,5,39.0,24.3,27.289,17.851,6.742,5.23
1729687172844,5,38.878,23.906,27.472,17.679,7.343,5.179
1729687173680,5,38.781,23.984,27.207,17.664,7.402,5.027
1729687174447,5,38.777,23.894,27.117,17.886,7.148,5.277
1729687175220,5,38.933,23.855,27.117,17.75,7.167,5.171
1729687175963,5,38.742,24.054,27.05,17.554,7.312,5.214
1729687176790,5,39.351,23.992,26.96,17.746,7.015,5.058
1729687177546,5,38.808,24.003,27.074,17.73,inf,5.062
1729687178308,5,38.64,24.16,26.871,17.718,7.093,5.136
1729687179072,5,39.507,23.859,27.363,17.718,7.355,5.042
1729687179843,5,39.042,23.91,27.453,17.75,7.015,4.906
1729687180603,5,39.328,24.07,27.226,17.597,7.304,5.132
1729687181349,5,39.269,24.07,27.25,inf,7.925,4.984
1729687182107,5,38.957,24.066,27.308,17.738,7.48,5.062
1729687182877,5,38.675,23.808,27.164,17.769,inf,5.015
1729687183649,5,39.023,23.968,27.058,17.71,7.296,4.941
1729687184416,5,38.425,23.898,27.234,17.515,8.273,5.097
1729687185172,5,37.812,23.929,27.148,17.628,7.285,5.191
1729687185931,5,36.98,23.796,27.144,17.66,7.433,5.195
1729687186696,5,37.093,23.843,27.238,17.804,7.066,5.152
1729687187463,5,37.144,23.953,27.242,17.718,7.476,5.097
1729687188230,5,37.16,23.933,27.453,17.777,7.488,5.05
1729687188993,5,37.019,23.824,27.253,17.796,7.355,5.265
1729687189756,5,37.117,23.847,27.347,17.742,7.23,5.308
1729687190524,5,37.328,24.07,27.144,17.718,inf,5.261
1729687191269,5,37.023,24.121,27.355,17.687,7.488,5.332
1729687192036,5,36.777,24.07,27.242,17.8,8.066,5.308
1729687192797,5,36.781,24.175,27.125,17.66,6.878,5.05
1729687193567,5,36.824,23.957,27.285,17.847,6.988,5.253
1729687194334,5,37.121,23.96,27.23,17.699,7.542,5.089
1729687195196,5,36.902,23.937,27.164,17.582,7.582,5.195
1729687195940,5,37.027,23.816,27.179,17.66,7.367,5.222
1729687196691,5,36.988,24.046,27.25,17.671,7.699,5.179
1729687197456,5,36.98,24.031,27.277,17.89,7.582,5.171
1729687198208,5,37.062,24.062,27.0,17.597,7.195,5.203
1729687198966,5,38.015,24.031,27.269,17.683,7.164,5.007
1729687199728,5,39.492,23.957,27.199,17.671,7.144,5.179
1729687200459,5,40.046,24.007,27.265,17.75,7.894,5.21
1729687201212,5,39.761,23.917,27.351,17.742,7.824,5.296
1729687201958,5,39.351,24.152,27.296,17.621,7.351,5.132
1729687202714,5,38.816,24.023,27.105,17.64,7.488,5.218
1729687203479,5,38.964,24.16,27.128,17.613,7.164,5.167
1729687204246,5,39.664,24.046,27.296,17.667,7.75,5.23
1729687204992,5,39.054,23.89,27.265,17.679,8.156,5.062
1729687205754,5,39.222,23.855,27.339,17.613,7.031,5.164
1729687206517,5,38.902,23.921,27.23,17.636,7.621,5.234
1729687207281,5,38.55,23.785,27.117,17.664,7.64,5.109
1729687208122,5,38.878,24.101,27.21,17.671,7.656,5.128
1729687208881,5,39.48,23.984,27.214,17.781,7.632,5.183
1729687209650,5,39.3,24.05,27.226,17.769,7.722,5.285
1729687210399,5,38.843,23.882,27.242,17.73,7.773,5.214
1729687211198,5,39.062,23.988,27.277,17.632,7.523,5.074
1729687211966,5,39.101,23.984,27.191,17.734,7.468,5.167
1729687212735,5,38.964,24.007,27.222,17.621,7.605,5.093
1729687213502,5,39.058,24.011,27.148,17.714,7.804,5.171
1729687214277,5,39.55,23.937,27.359,17.617,7.121,5.011
1729687215045,5,39.199,23.914,27.257,17.75,7.527,5.152
1729687215813,5,39.285,23.98,27.16,17.699,7.527,5.164
1729687216584,5,39.218,23.929,27.183,17.71,7.093,4.945
1729687217357,5,39.433,24.062,27.257,17.722,inf,5.156
1729687218120,5,38.98,23.984,27.14,17.792,7.449,4.917
1729687218888,5,39.691,24.171,27.265,17.609,8.242,5.23
1729687219654,5,39.46,24.031,27.089,17.742,7.523,5.183
1729687220413,5,39.996,24.027,27.093,inf,7.433,5.07
1729687221277,5,40.203,24.195,27.273,17.761,7.304,4.957
1729687222036,5,39.339,24.277,27.292,17.718,7.875,5.042
1729687222814,5,39.187,24.164,27.296,17.664,7.554,5.085
1729687223631,5,39.664,24.121,27.156,17.632,7.695,5.007
1729687224397,5,39.16,24.175,27.132,17.679,8.25,5.101
1729687225148,5,39.269,24.269,27.089,17.726,8.156,5.035
1729687225921,5,39.277,23.859,27.117,17.777,7.472,5.171
1729687226765,5,40.042,24.257,27.261,17.734,7.679,5.132
1729687227521,5,39.675,23.843,27.222,17.664,7.875,5.039
1729687228278,5,39.468,23.796,27.156,17.722,7.378,4.921
1729687229044,5,39.472,23.964,26.972,17.667,7.316,4.925
1729687229890,5,39.21,23.824,27.21,17.625,7.515,5.246
1729687230637,5,39.683,23.66,inf,17.566,7.66,5.093
1729687231394,5,39.796,23.968,27.199,17.863,7.289,5.152
1729687232158,5,40.171,23.996,27.121,17.656,7.07,5.0
1729687232923,5,39.281,23.742,27.207,17.671,7.542,5.105
1729687233693,5,40.332,23.804,27.125,17.859,7.312,5.039
1729687234455,5,39.687,24.078,27.257,17.71,inf,5.007
1729687235208,5,39.593,23.921,27.195,17.75,7.261,5.144
1729687235979,5,39.738,24.066,27.039,17.945,7.359,4.976
1729687236749,5,39.527,23.855,27.214,17.933,7.48,5.117
1729687237497,5,39.687,24.07,27.14,17.785,7.511,5.039
1729687238257,5,39.906,24.019,27.222,17.781,7.519,5.007
1729687239022,5,39.921,23.91,27.355,17.746,7.386,5.05
1729687239791,5,39.914,24.007,27.121,17.765,7.343,5.031
1729687240560,5,39.667,24.117,27.156,17.75,7.25,5.195
1729687241321,5,39.664,24.082,27.156,17.695,6.953,5.093
1729687242095,5,39.433,24.101,27.121,17.753,7.25,5.277
1729687242857,5,40.285,24.152,27.195,17.726,7.367,5.183
1729687243620,5,39.464,24.031,27.25,17.753,7.468,5.218
1729687244391,5,39.019,24.144,27.351,17.746,7.277,5.175
1729687245151,5,40.062,24.046,27.234,17.722,inf,5.105
1729687245908,5,39.492,24.183,27.332,17.851,7.675,5.199
1729687246679,5,39.113,23.957,27.257,17.617,7.761,5.128
1729687247445,5,39.078,23.984,27.437,17.753,7.398,5.074
1729687248211,5,39.464,24.21,26.695,17.621,7.363,5.089
1729687248942,5,39.468,24.253,27.21,17.89,7.671,4.992
1729687249711,5,39.238,24.007,27.519,17.542,7.648,5.0
1729687250477,5,39.093,24.101,27.558,17.765,7.527,5.082
1729687251242,5,39.23,24.136,27.496,17.917,7.511,5.0
1729687251999,5,39.265,24.093,27.484,17.765,7.304,5.019
1729687252766,5,39.632,23.773,27.55,17.722,7.531,5.039
1729687253537,5,39.64,24.003,27.48,17.667,7.554,5.058
1729687254308,5,39.734,23.757,27.515,17.828,7.718,5.109
1729687255085,5,39.785,23.835,27.488,17.742,7.191,5.078
1729687255846,5,39.273,24.093,27.605,17.695,7.394,4.859
1729687256686,5,38.796,24.046,27.531,17.648,7.21,4.902
1729687257454,5,39.417,24.042,27.597,17.632,7.652,5.089
1729687258206,5,39.472,24.125,27.589,17.597,7.621,4.98
1729687258973,5,39.253,23.82,27.55,17.835,7.281,5.125
1729687259743,5,39.109,23.746,27.468,17.703,7.281,5.066
1729687260477,5,40.066,24.191,27.609,17.675,7.292,5.093
1729687261300,5,38.742,23.671,27.433,17.816,7.488,5.183
1729687262068,5,39.785,24.25,27.523,17.875,7.589,5.0
1729687262836,5,39.222,24.128,27.402,17.671,7.472,5.113
1729687263597,5,39.347,24.093,27.378,17.75,7.632,4.98
1729687264470,5,39.128,24.386,27.441,17.8,7.492,5.207
1729687265230,5,38.648,24.015,27.23,17.601,7.46,5.148
1729687266002,5,39.441,24.054,27.304,17.773,7.273,5.035
1729687266773,5,39.531,23.757,27.519,17.796,7.296,5.269
1729687267588,5,38.832,23.929,27.558,17.753,7.238,5.089
1729687268367,5,38.855,23.925,27.542,17.695,7.261,5.093
1729687269149,5,39.66,23.921,27.496,17.632,7.351,5.015
1729687269904,5,39.722,24.191,27.441,17.929,7.523,4.992
1729687270687,5,40.027,24.281,27.398,17.746,7.5,5.093
1729687271460,5,39.367,24.316,27.519,17.82,7.667,5.035
1729687272226,5,39.566,24.238,27.359,17.957,7.347,4.964
1729687272992,5,40.042,24.167,27.226,17.734,7.742,5.167
1729687273769,5,39.843,24.191,27.332,17.742,7.5,4.953
1729687274532,5,40.14,24.003,27.183,17.859,7.394,5.019
1729687275284,5,39.761,24.324,27.433,17.753,7.476,5.125
1729687276048,5,40.125,24.085,27.277,17.648,7.496,4.988
1729687276808,5,39.042,24.062,27.3,17.687,7.468,5.152
1729687277558,5,39.414,24.304,27.285,17.824,7.601,5.101
1729687278408,5,39.515,23.835,27.281,17.777,7.101,4.992
1729687279170,5,39.066,24.167,27.449,17.707,7.539,5.203
1729687280017,5,39.941,24.007,27.585,17.632,7.253,4.972
1729687280781,5,39.48,24.019,27.398,17.738,7.496,5.074
1729687281543,5,39.378,24.113,27.574,17.636,7.453,5.187
1729687282307,5,38.964,24.117,27.386,17.855,7.523,4.902
1729687283149,5,39.683,24.074,27.476,17.585,7.363,5.066
1729687283908,5,39.082,23.699,27.3,17.808,7.187,5.171
1729687284678,5,39.042,23.976,27.136,17.695,7.382,5.132
1729687285422,5,39.238,24.019,27.171,17.539,7.441,5.035
1729687286189,5,39.628,23.859,27.359,17.769,7.457,5.164
1729687286952,5,38.882,23.949,27.16,17.769,7.343,5.011
1729687287718,5,39.496,24.121,27.32,17.64,7.496,5.164
1729687288486,5,39.218,24.14,27.292,17.73,7.875,5.082
1729687289244,5,39.367,24.167,27.285,17.746,7.691,5.195
1729687290015,5,39.445,24.144,27.214,17.707,7.492,5.097
1729687290776,5,39.511,24.042,27.32,17.972,7.699,5.05
1729687291542,5,38.804,24.097,27.148,17.843,7.726,5.058
1729687292308,5,39.183,24.042,27.382,17.718,7.91,5.0
1729687293072,5,39.132,24.101,27.261,17.781,7.757,4.976
1729687293823,5,39.21,24.148,27.218,17.785,7.66,5.078
1729687294576,5,38.792,24.105,27.3,17.632,7.667,5.011
1729687295330,5,39.277,24.054,27.066,17.703,7.664,5.05
1729687296098,5,39.253,23.988,27.175,17.511,7.648,5.011
1729687296866,5,38.937,24.097,27.417,17.824,7.636,5.058
1729687297632,5,39.023,24.019,27.113,17.632,7.632,4.98
1729687298406,5,38.98,24.085,27.226,17.679,inf,5.093
1729687299171,5,39.32,24.058,27.191,17.707,7.585,4.835
1729687299932,5,38.886,23.945,27.468,17.699,7.386,5.035
1729687300702,5,40.265,24.05,27.457,17.835,7.476,5.082
1729687301468,5,38.621,24.097,27.468,17.847,7.562,5.148
1729687302230,5,38.968,23.929,27.593,17.703,7.386,5.039
1729687302998,5,38.851,24.207,27.191,17.769,7.628,5.113
1729687303759,5,38.98,23.609,27.253,17.816,7.371,5.292
1729687304531,5,39.328,24.07,27.429,17.773,7.437,5.21
1729687305300,5,39.156,24.132,27.46,17.812,7.152,5.042
1729687306062,5,38.781,24.035,27.382,17.921,7.164,5.097
1729687306811,5,39.179,23.992,27.496,17.757,7.179,5.207
1729687307590,5,39.082,23.863,27.437,17.73,7.203,5.007
1729687308352,5,38.761,23.984,27.425,17.601,7.367,5.167
1729687309119,5,39.371,24.167,27.394,17.781,7.789,5.121
1729687309955,5,39.269,24.023,27.351,17.695,7.527,5.113
1729687310714,5,39.351,23.832,27.289,17.582,7.648,inf
1729687311471,5,39.98,24.031,27.257,17.625,7.32,5.164
1729687312241,5,39.0,23.835,27.167,17.648,7.703,5.078
1729687313003,5,39.628,23.792,27.132,17.476,9.367,5.097
1729687313768,5,39.585,23.968,26.945,17.82,8.207,5.035
1729687314526,5,40.246,23.929,27.238,17.667,8.625,4.96
1729687315301,5,39.589,23.867,27.367,17.66,8.285,5.007
1729687316063,5,38.988,23.621,27.031,17.644,8.355,5.218
1729687316843,5,39.449,24.335,27.171,17.523,7.89,5.085
1729687317622,5,39.996,23.82,27.0,17.738,7.984,5.101
1729687318381,5,39.316,24.082,26.96,17.667,7.886,inf
1729687319155,5,40.164,23.976,27.527,17.828,7.503,5.222
1729687319932,5,40.175,24.14,27.3,17.886,7.558,5.031
1729687320738,5,39.761,23.937,27.433,17.859,7.585,4.855
1729687321513,5,39.976,23.929,27.156,17.648,7.617,4.949
1729687322286,5,39.742,24.007,27.074,17.617,7.597,4.914
1729687323050,5,39.734,23.968,27.406,17.859,7.574,5.128
1729687323896,5,40.031,23.921,27.437,17.843,inf,5.121
1729687324661,5,39.691,24.027,27.347,17.785,7.468,5.207
1729687325426,5,39.523,23.843,27.445,17.847,7.753,5.152
1729687326191,5,39.964,23.878,27.371,17.886,8.519,5.101
1729687327059,5,39.761,24.078,27.417,17.984,8.042,5.082
1729687327826,5,39.675,24.07,27.445,17.98,9.019,5.214
1729687328600,5,39.613,23.996,27.464,17.824,8.941,5.289
1729687329373,5,39.66,23.964,27.445,17.91,9.011,5.027
1729687330228,5,39.269,24.226,27.113,17.609,8.691,5.234
1729687330999,5,39.0,24.0,27.414,17.632,8.07,5.195
1729687331762,5,39.136,23.972,27.203,17.765,8.843,5.199
1729687332619,5,39.25,24.003,27.054,17.925,8.667,5.257
1729687333374,5,39.304,24.039,27.32,17.878,inf,5.121
1729687334138,5,39.187,23.898,27.304,17.851,8.648,5.027
1729687334898,5,39.207,23.988,27.218,17.875,7.597,4.863
1729687335667,5,39.16,23.953,27.335,17.695,7.523,5.109
1729687336504,5,39.292,24.089,27.394,17.691,inf,4.984
1729687337252,5,39.359,23.914,27.128,17.691,7.25,5.066
1729687338031,5,38.964,24.175,27.089,17.714,7.824,5.058
1729687338798,5,39.257,24.109,27.023,17.722,7.464,4.964
1729687339658,5,38.648,23.789,27.25,17.574,7.855,5.042
1729687340431,5,38.66,23.125,26.535,17.085,7.238,5.015
1729687341189,5,39.261,23.785,25.554,18.375,6.835,5.902
1729687341958,5,37.152,24.726,24.734,19.121,7.671,5.714
1729687397904,6,40.609,32.769,27.699,13.957,12.574,1.054
1729687398654,6,44.324,35.078,29.507,12.789,15.949,1.093
1729687399418,6,42.515,40.847,29.472,13.289,14.714,1.281
1729687400166,6,46.808,28.406,33.425,15.023,14.449,1.3
1729687400930,6,41.953,36.257,29.542,13.371,12.164,1.335
1729687401699,6,41.425,30.027,32.351,13.105,11.531,1.265
1729687402545,6,49.542,34.593,34.882,13.148,11.773,1.242
1729687403307,6,42.628,37.664,33.617,13.292,11.636,1.363
1729687404075,6,49.488,36.246,44.601,13.226,11.929,1.167
1729687404845,6,49.109,39.503,41.425,13.355,11.941,1.132
1729687405658,6,42.332,38.238,34.945,13.203,11.687,1.179
1729687406414,6,48.933,48.488,41.871,13.023,11.73,1.562
1729687407253,6,43.546,39.75,40.527,13.386,11.765,1.25
1729687408007,6,45.347,40.738,41.332,13.382,11.64,1.367
1729687408828,6,45.015,38.5,40.46,13.023,11.687,1.5
1729687409594,6,44.023,44.777,41.796,13.265,11.875,1.214
1729687410354,6,44.136,43.871,43.019,13.3,11.601,1.363
1729687411116,6,44.281,44.121,37.093,12.64,11.679,1.277
1729687411955,6,49.98,43.847,43.234,13.429,11.585,1.367
1729687412715,6,50.988,48.621,43.531,13.179,inf,1.292
1729687413484,6,44.273,48.468,41.343,13.148,11.746,1.378
1729687414225,6,43.96,inf,35.554,13.07,11.617,1.41
1729687414988,6,44.804,39.39,41.3,13.179,11.48,1.406
1729687415762,6,44.953,35.953,34.21,13.511,11.585,1.121
1729687416513,6,49.996,31.98,41.402,12.992,inf,1.32
1729687417289,6,50.417,41.582,43.027,13.546,11.761,1.656
1729687418054,6,44.472,37.703,40.73,13.089,11.695,1.492
1729687418815,6,46.992,43.859,33.914,13.183,11.726,1.355
1729687419581,6,50.832,43.851,37.66,13.105,11.707,1.519
1729687420339,6,52.921,39.609,37.031,13.316,inf,1.347
1729687421108,6,50.031,40.222,39.64,13.308,11.695,1.242
1729687421880,6,50.757,44.71,38.808,13.167,11.628,1.226
1729687422654,6,50.46,30.519,32.796,13.261,11.707,1.476
1729687423404,6,49.648,34.14,38.421,13.156,11.441,1.367
1729687424177,6,44.476,34.21,40.281,13.32,11.71,1.265
1729687424942,6,44.996,33.433,37.582,13.378,11.48,1.378
1729687425701,6,49.66,34.429,41.625,13.363,11.613,1.277
1729687426469,6,43.527,32.914,39.371,13.132,11.632,1.316
1729687427217,6,44.062,34.691,38.113,13.343,11.648,1.535
1729687427977,6,44.734,34.382,36.164,13.167,11.699,1.441
1729687428746,6,44.753,33.878,37.542,13.164,11.671,1.269
1729687429511,6,44.234,33.91,36.902,13.324,11.597,1.406
1729687430281,6,inf,33.664,38.644,13.136,11.636,1.511
1729687431035,6,44.167,33.101,38.363,13.218,11.648,1.519
1729687431798,6,44.992,33.324,37.558,13.23,11.824,1.292
1729687432568,6,44.632,33.582,39.324,13.136,11.718,1.339
1729687433335,6,45.281,33.566,39.906,13.089,11.625,1.41
1729687434096,6,44.855,33.726,37.82,13.265,11.656,1.41
1729687434855,6,44.98,34.035,37.664,13.269,11.582,1.414
1729687435621,6,45.812,33.652,38.164,13.371,11.605,1.382
1729687436389,6,45.347,33.949,38.687,13.414,11.632,1.3
1729687437139,6,44.675,33.683,37.132,13.316,11.488,1.351
1729687437913,6,44.41,33.109,37.097,13.156,11.722,1.371
1729687438673,6,44.687,33.269,36.898,13.117,11.66,1.48
1729687439437,6,44.628,34.097,36.902,13.175,11.656,1.484
1729687440185,6,44.511,33.351,37.433,13.203,11.73,1.394
1729687440952,6,inf,32.765,33.304,13.191,11.851,1.445
1729687441717,6,45.015,32.996,37.527,13.296,11.796,1.429
1729687442487,6,45.101,32.937,38.261,13.253,11.777,1.242
1729687443305,6,44.519,32.531,33.8,13.296,11.796,1.378
1729687444062,6,44.574,33.125,39.062,13.23,11.644,1.324
1729687444844,6,45.011,33.152,37.011,13.156,11.492,1.257
1729687445607,6,44.886,33.339,37.457,13.175,11.796,1.39
1729687446455,6,45.628,34.273,37.726,13.214,11.648,1.355
1729687447228,6,45.421,33.941,37.425,13.128,11.675,1.308
1729687448003,6,44.828,33.855,37.66,13.316,11.632,1.527
1729687448772,6,43.925,33.066,37.359,13.246,11.535,1.488
1729687449632,6,44.585,33.167,38.16,13.339,11.457,1.46
1729687450396,6,43.832,33.089,38.398,13.085,11.812,1.378
1729687451139,6,45.14,33.464,37.007,13.375,11.746,1.437
1729687451988,6,44.636,34.96,38.546,13.246,11.503,1.335
1729687452776,6,44.488,34.648,37.48,13.46,11.667,1.429
1729687453539,6,44.55,32.0,37.457,13.371,11.636,1.355
1729687454285,6,45.027,31.832,36.914,13.156,11.429,1.441
1729687455044,6,44.57,31.91,38.148,13.14,11.464,1.281
1729687455913,6,44.109,31.648,37.242,13.257,11.66,1.386
1729687456660,6,44.98,31.367,37.578,13.32,11.64,1.421
1729687457427,6,44.761,31.554,33.769,13.238,11.597,1.441
1729687458193,6,44.511,31.828,37.425,13.167,11.746,1.441
1729687458996,6,44.292,31.781,37.472,13.597,11.679,1.433
1729687459754,6,44.566,31.515,37.726,13.32,11.617,1.335
1729687460512,6,44.308,31.714,38.125,13.281,11.671,1.421
1729687461275,6,44.558,31.152,37.871,13.324,11.835,1.226
1729687462051,6,44.078,33.355,37.437,13.332,11.777,1.464
1729687462808,6,44.628,35.144,37.894,13.265,11.73,1.316
1729687463568,6,44.906,35.765,38.226,13.222,11.753,1.539
1729687464321,6,44.792,33.714,37.285,13.14,11.89,1.437
1729687465127,6,44.171,inf,39.039,13.425,11.66,1.246
1729687465968,6,43.296,33.277,38.222,13.253,11.769,1.355
1729687466720,6,45.187,34.011,38.324,13.156,11.722,1.343
1729687467490,6,47.843,34.433,38.609,13.453,11.714,1.347
1729687468313,6,49.863,33.433,38.16,13.113,11.675,1.281
1729687469073,6,44.769,33.359,38.492,13.441,11.679,1.457
1729687469839,6,49.812,34.531,38.417,13.3,11.746,1.207
1729687470600,6,45.031,34.058,35.691,13.214,11.707,1.273
1729687471441,6,44.792,33.835,38.265,13.406,inf,1.32
1729687472201,6,44.667,33.167,37.406,13.312,11.703,1.535
1729687472966,6,45.265,33.289,34.414,13.382,11.562,1.417
1729687473727,6,44.105,32.871,38.445,13.273,11.613,1.46
1729687474562,6,45.031,34.023,38.257,13.289,11.835,1.285
1729687475325,6,44.585,32.703,33.191,13.203,11.695,1.343
1729687476070,6,44.593,34.195,37.222,13.25,11.671,1.367
1729687476823,6,44.804,33.144,37.617,13.175,11.687,1.312
1729687477586,6,44.832,33.937,38.359,13.101,11.64,1.421
1729687478357,6,44.335,33.789,37.585,13.398,11.714,1.406
1729687479119,6,44.691,33.14,37.246,13.171,11.511,1.406
1729687479868,6,44.507,33.675,37.425,13.109,inf,1.402
1729687480612,6,44.46,32.875,37.351,13.203,11.492,1.421
1729687481370,6,44.765,32.82,37.121,13.253,11.644,1.414
1729687482121,6,44.109,33.617,38.207,13.292,11.601,1.542
1729687482871,6,44.308,32.91,37.289,13.386,11.64,1.39
1729687483635,6,44.359,33.281,37.851,13.152,11.476,1.503
1729687484389,6,44.535,33.187,37.757,13.058,11.746,1.378
1729687485140,6,44.253,33.343,37.339,13.3,11.57,1.402
1729687485906,6,44.468,34.085,36.984,13.152,11.73,1.347
1729687486668,6,44.417,33.707,37.945,13.187,11.667,1.421
1729687487434,6,44.382,33.437,36.925,13.269,11.562,1.316
1729687488208,6,44.773,33.398,36.644,13.511,11.671,1.488
1729687488966,6,44.609,33.082,33.468,13.167,11.707,1.445
1729687489708,6,44.503,33.285,36.722,13.375,inf,1.433
1729687490468,6,44.16,33.492,37.054,13.207,11.714,1.449
1729687491229,6,44.191,33.382,37.367,13.289,11.515,1.343
1729687491974,6,44.265,33.46,37.152,13.433,11.66,1.41
1729687492728,6,44.472,33.222,33.683,13.117,inf,1.417
1729687493543,6,44.195,33.57,37.605,13.265,11.527,1.382
1729687494308,6,44.289,33.656,37.472,13.113,11.644,1.332
1729687495056,6,44.378,33.738,38.55,13.269,11.707,1.457
1729687495811,6,44.5,33.292,37.097,13.253,11.628,1.46
1729687496595,6,44.628,33.335,37.242,13.152,11.695,1.394
1729687497438,6,44.695,33.351,33.714,13.183,11.847,1.429
1729687498175,6,45.019,33.425,37.0,13.289,inf,1.39
1729687498934,6,43.171,33.906,37.5,13.246,11.667,1.554
1729687499705,6,44.417,33.839,37.609,13.23,11.675,1.433
1729687500455,6,44.394,33.367,37.921,13.05,11.648,1.433
1729687501214,6,44.16,33.464,37.816,13.121,11.718,1.339
1729687501964,6,44.144,32.972,37.335,13.269,11.75,1.566
1729687502799,6,44.085,33.3,37.449,13.164,11.628,1.449
1729687503554,6,44.179,33.765,33.824,13.445,11.671,1.378
1729687504315,6,44.199,33.386,37.546,13.214,11.628,1.261
1729687505082,6,44.453,33.332,37.425,13.14,11.73,1.457
1729687505836,6,44.476,33.328,37.386,13.261,11.632,1.453
1729687506583,6,44.183,33.179,37.359,13.222,11.734,1.488
1729687507332,6,44.203,33.64,33.574,13.429,11.66,1.332
1729687508089,6,44.386,33.64,37.773,13.269,11.546,1.609
1729687508846,6,44.312,33.253,37.667,13.132,11.667,1.3
1729687509618,6,44.23,33.421,37.214,13.296,11.5,1.437
1729687510383,6,44.613,32.875,37.355,13.16,11.726,1.378
1729687511203,6,44.722,32.992,37.363,13.218,11.597,1.554
1729687511972,6,44.378,33.539,37.757,13.234,11.683,1.406
1729687512735,6,44.582,33.011,36.695,13.257,11.671,1.339
1729687513497,6,43.445,32.949,37.121,13.183,11.656,1.464
1729687514256,6,44.816,33.269,37.484,13.226,11.593,1.218
1729687515012,6,45.0,33.144,37.671,13.226,11.843,1.484
1729687515769,6,45.105,33.351,37.167,13.171,11.765,1.296
1729687516534,6,44.91,33.578,37.015,13.433,11.695,1.292
1729687517296,6,44.656,33.066,37.128,13.21,11.773,1.355
1729687518062,6,44.531,33.632,36.792,13.21,11.625,1.375
1729687518831,6,44.718,33.683,37.167,13.378,11.777,1.457
1729687519601,6,44.539,33.515,37.289,13.062,11.609,1.449
1729687520361,6,44.597,33.23,37.328,13.093,11.789,1.402
1729687521126,6,44.832,33.277,37.417,13.464,11.519,1.574
1729687521883,6,44.695,32.953,37.66,13.296,11.644,1.359
1729687522642,6,44.492,33.722,37.371,13.378,11.718,1.3
1729687523402,6,43.753,33.519,37.5,13.355,11.683,1.378
1729687524164,6,44.843,33.554,36.925,13.242,11.636,1.441
1729687524927,6,44.601,33.609,37.246,13.183,11.675,1.449
1729687525687,6,44.746,32.96,36.355,13.226,11.66,1.441
1729687526453,6,44.66,33.449,37.132,13.156,11.617,1.296
1729687527215,6,44.828,33.414,37.05,13.398,11.75,1.402
1729687527958,6,44.832,33.074,37.117,13.156,inf,1.363
1729687528713,6,45.156,34.531,37.082,13.273,11.808,1.378
1729687529482,6,45.117,34.882,37.148,13.394,11.742,1.433
1729687530228,6,43.812,32.335,37.0,13.48,11.515,1.375
1729687531034,6,46.468,33.218,37.71,13.187,11.781,1.542
1729687531802,6,44.136,35.3,33.394,13.16,11.625,1.414
1729687532570,6,44.683,34.617,37.796,13.199,11.773,1.636
1729687533326,6,43.886,32.589,37.164,13.226,11.671,1.511
1729687534193,6,45.039,32.89,37.785,13.238,11.8,1.445
1729687534966,6,45.757,33.437,37.609,13.132,11.761,1.562
1729687535727,6,45.304,34.753,37.175,13.304,11.691,1.132
1729687536489,6,44.96,33.898,37.96,13.207,11.691,1.32
1729687537358,6,44.289,33.843,37.445,13.265,11.539,1.414
1729687538124,6,44.632,33.73,36.714,13.312,11.828,1.253
1729687538899,6,44.281,33.894,36.761,13.191,11.792,1.351
1729687539656,6,44.597,34.312,36.847,13.386,11.703,1.207
1729687540461,6,44.742,33.511,36.871,13.394,11.683,1.386
1729687541225,6,44.773,33.675,33.445,13.128,11.652,1.328
1729687541974,6,44.789,33.808,36.91,13.328,11.613,1.414
1729687542742,6,44.269,33.41,36.968,13.203,11.636,1.164
1729687543523,6,44.238,33.519,36.847,13.199,11.609,1.425
1729687544290,6,45.003,33.941,36.886,13.281,11.632,1.355
1729687545059,6,43.835,33.351,36.105,13.113,11.804,1.113
1729687545818,6,44.605,33.746,37.175,13.363,inf,1.386
1729687546615,6,44.281,33.558,37.191,13.402,11.718,1.562
1729687547378,6,43.921,33.191,37.183,13.265,11.515,1.359
1729687548150,6,44.109,33.441,37.101,13.187,11.773,1.32
1729687548919,6,44.199,33.546,37.21,13.292,11.835,1.269
1729687549753,6,44.601,33.941,37.484,13.375,11.687,1.324
1729687550522,6,44.421,33.582,37.171,13.402,11.781,1.332
1729687551284,6,44.82,33.746,37.257,13.417,11.734,1.222
1729687552051,6,44.347,33.941,33.48,13.16,11.718,1.398
1729687552888,6,44.589,33.71,37.054,13.296,11.726,1.437
1729687553646,6,44.242,inf,39.167,13.332,11.718,1.218
1729687554389,6,44.761,33.496,36.777,13.191,11.609,1.48
1729687555155,6,44.722,33.437,37.496,13.273,11.8,1.386
1729687555918,6,44.445,33.21,36.417,13.242,11.71,1.445
1729687556672,6,44.378,33.199,37.175,13.308,11.773,1.367
1729687557438,6,44.25,33.222,37.664,13.058,11.636,1.46
1729687558179,6,44.125,33.644,33.812,13.261,inf,1.511
1729687558937,6,44.378,33.531,37.308,13.101,11.699,1.359
1729687559695,6,44.281,33.375,37.23,13.382,inf,1.414
1729687560441,6,44.269,33.5,37.343,13.199,11.746,1.406
1729687561217,6,44.222,33.535,37.207,13.257,11.613,1.406
1729687561986,6,44.05,33.492,37.105,13.152,11.8,1.324
1729687562746,6,44.242,33.554,37.136,13.167,11.648,1.355
1729687563513,6,44.109,33.542,37.113,13.312,11.714,1.351
1729687564267,6,44.05,33.66,33.347,13.187,11.636,1.351
1729687565026,6,44.394,34.14,37.312,13.324,inf,1.328
1729687565783,6,44.757,33.894,37.32,13.269,11.628,1.382
1729687566545,6,44.281,33.562,36.804,13.363,11.515,1.273
1729687567311,6,44.55,33.816,39.515,13.3,11.527,1.554
1729687568080,6,44.871,34.703,38.367,13.199,inf,1.343
1729687568839,6,45.359,33.882,38.425,13.226,11.609,1.335
1729687569598,6,44.226,33.882,40.218,13.328,11.652,1.437
1729687570350,6,44.558,33.878,39.46,inf,11.417,1.32
1729687571112,6,44.203,34.148,39.648,13.218,11.527,1.324
1729687571874,6,43.21,33.691,40.843,13.421,11.464,1.3
1729687572640,6,44.687,33.746,40.449,13.394,11.644,1.351
1729687573406,6,44.785,33.742,40.562,13.273,11.753,1.328
1729687574177,6,44.214,33.859,40.835,13.292,11.507,1.304
1729687574995,6,44.375,33.714,39.777,13.41,11.593,1.539
1729687575763,6,44.171,33.761,40.285,13.445,11.57,1.195
1729687576534,6,44.156,33.488,35.445,13.261,11.699,1.324
1729687577300,6,44.386,33.535,36.968,13.351,11.531,1.507
1729687578157,6,43.492,33.144,38.269,13.121,11.902,1.449
1729687578921,6,50.246,36.195,34.597,13.402,11.597,1.312
1729687579788,6,49.503,31.164,39.589,13.523,11.375,1.25
1729687580549,6,41.445,46.957,29.492,13.82,11.57,1.382
1729687581402,6,42.371,30.042,27.683,12.21,14.066,0.843
1729687582156,6,42.042,27.398,27.046,13.289,12.972,1.511
1729687582902,6,40.632,30.222,27.371,13.476,15.402,1.218
1729687678283,7,43.531,24.792,24.906,9.636,10.906,6.664
1729687679075,7,44.324,25.55,24.785,9.558,11.218,6.937
1729687679830,7,43.605,24.503,25.07,9.488,11.621,6.554
1729687680571,7,43.933,25.41,25.343,9.527,inf,7.765
1729687681338,7,43.578,24.457,25.027,9.585,11.539,10.41
1729687682123,7,43.41,25.05,25.097,9.605,11.839,12.828
1729687682888,7,43.554,24.71,25.14,9.609,11.265,9.417
1729687683660,7,43.714,24.558,25.054,9.582,10.511,10.105
1729687684415,7,43.98,24.746,25.109,9.621,10.5,9.917
1729687685165,7,43.558,24.859,24.718,9.402,inf,8.5
1729687685934,7,43.125,24.804,25.257,9.48,10.894,6.785
1729687686700,7,43.175,24.808,25.093,9.511,11.011,6.214
1729687687482,7,43.492,25.21,24.937,9.351,12.058,6.386
1729687688317,7,43.156,25.027,25.355,9.613,inf,6.882
1729687689083,7,43.175,24.792,25.132,9.507,11.64,6.902
1729687689854,7,43.156,24.914,25.054,9.589,11.281,6.847
1729687690608,7,43.117,24.882,25.316,9.523,11.417,6.683
1729687691369,7,43.011,24.945,25.16,9.652,11.128,7.187
1729687692122,7,43.125,24.851,25.332,9.648,10.804,8.074
1729687692891,7,43.41,25.136,25.089,9.71,11.14,9.921
1729687693654,7,43.421,24.66,25.621,9.257,11.16,9.003
1729687694420,7,43.207,25.242,24.367,9.492,10.671,8.777
1729687695181,7,43.167,25.015,24.148,9.746,11.097,8.781
1729687695950,7,43.371,25.05,24.5,9.503,10.519,18.156
1729687696702,7,43.402,24.71,24.179,8.992,inf,6.371
1729687697467,7,43.382,24.8,23.441,9.269,10.554,6.726
1729687698232,7,43.363,24.839,25.796,9.664,10.765,6.21
1729687699000,7,43.363,24.578,24.222,9.195,inf,7.433
1729687699760,7,43.296,24.417,25.156,9.238,11.218,6.609
1729687700533,7,43.312,24.523,25.324,9.46,10.406,8.246
1729687701298,7,43.5,25.105,25.605,9.511,10.265,8.39
1729687702065,7,43.335,24.636,26.253,9.636,10.554,7.718
1729687702828,7,43.593,24.601,26.171,9.41,10.98,7.289
1729687703580,7,43.5,24.273,26.121,9.656,10.566,7.046
1729687704359,7,43.394,24.589,26.011,9.386,10.261,7.566
1729687705132,7,43.601,24.777,26.25,9.57,10.96,7.351
1729687705891,7,43.488,24.605,25.64,9.089,10.703,7.746
1729687706651,7,43.375,24.632,25.921,9.503,inf,8.101
1729687707403,7,43.363,24.578,26.187,9.367,10.832,7.816
1729687708248,7,43.41,24.585,25.996,9.16,10.496,8.687
1729687709008,7,43.269,24.554,25.925,9.269,10.488,7.718
1729687709774,7,43.468,24.554,26.085,9.261,10.734,8.187
1729687710539,7,43.406,24.515,26.042,9.222,10.718,8.417
1729687711305,7,43.394,24.48,25.925,9.214,10.722,7.855
1729687712069,7,43.39,24.523,26.054,9.468,10.71,8.027
1729687712833,7,43.429,24.468,26.015,9.593,10.687,7.949
1729687713597,7,43.488,24.621,26.25,9.789,10.82,7.859
1729687714360,7,43.472,24.773,26.136,9.761,10.789,7.742
1729687715134,7,43.425,24.738,26.039,9.246,10.613,7.722
1729687715887,7,43.335,24.648,26.16,9.511,10.839,7.558
1729687716648,7,43.437,24.5,25.859,9.339,10.761,8.734
1729687717417,7,43.519,24.57,25.871,9.23,10.746,8.152
1729687718184,7,43.476,24.66,26.093,9.48,10.82,7.601
1729687718935,7,43.253,24.789,26.074,9.621,inf,7.742
1729687719707,7,43.367,24.593,26.0,9.835,10.761,7.484
1729687720550,7,43.535,24.707,26.175,9.601,10.757,7.636
1729687721316,7,43.281,24.597,26.113,9.757,10.835,7.789
1729687722089,7,43.515,24.472,25.945,9.648,10.82,7.636
1729687722853,7,43.339,24.519,26.023,9.582,10.64,7.574
1729687723604,7,43.382,24.351,26.074,9.734,10.753,7.777
1729687724353,7,43.433,24.742,26.308,9.66,10.664,7.347
1729687725114,7,43.457,24.535,25.949,9.476,10.828,7.519
1729687725864,7,43.351,24.636,26.05,9.691,10.683,6.988
1729687726630,7,43.433,24.515,26.203,9.617,10.57,7.503
1729687727395,7,43.488,24.722,26.066,9.48,10.582,8.027
1729687728153,7,43.324,24.613,25.863,9.519,10.703,7.804
1729687728919,7,43.246,24.511,26.121,9.605,10.691,7.492
1729687729690,7,43.296,24.699,26.039,9.617,10.566,7.824
1729687730455,7,43.257,24.597,26.171,9.703,10.691,7.742
1729687731227,7,43.308,24.769,26.183,9.527,10.695,8.152
1729687731978,7,43.507,24.722,26.207,9.726,10.832,7.816
1729687732747,7,43.488,24.562,25.867,9.742,10.718,7.21
1729687733510,7,43.339,24.503,25.976,9.679,10.566,7.031
1729687734253,7,43.339,24.523,26.226,9.542,10.734,7.804
1729687735015,7,43.417,24.566,25.851,9.347,10.578,7.769
1729687735787,7,43.621,24.585,26.117,9.71,10.578,7.718
1729687736548,7,43.39,24.89,26.335,9.425,inf,7.171
1729687737317,7,43.398,24.683,26.25,9.55,10.675,7.785
1729687738115,7,43.453,24.878,26.273,9.511,10.746,8.292
1729687738889,7,43.351,24.925,26.003,9.191,10.718,7.933
1729687739655,7,43.535,24.859,26.156,9.07,10.585,7.847
1729687740426,7,43.421,24.753,26.316,9.394,10.683,7.816
1729687741200,7,43.402,24.808,26.203,9.417,10.746,8.152
1729687741966,7,43.464,24.457,26.003,9.3,10.671,7.226
1729687742720,7,43.449,24.609,26.457,9.218,10.527,7.324
1729687743476,7,43.425,24.628,26.238,9.402,10.46,8.167
1729687744343,7,43.398,24.601,26.128,9.343,10.742,7.5
1729687745116,7,43.46,24.781,26.07,9.25,10.488,7.597
1729687745887,7,43.472,24.859,25.851,9.437,10.523,7.671
1729687746645,7,43.386,24.679,25.894,9.402,10.738,inf
1729687747504,7,43.519,24.515,26.019,9.429,10.433,7.714
1729687748358,7,43.531,24.613,26.464,9.257,10.906,9.421
1729687749130,7,43.46,24.898,25.722,9.457,10.562,10.601
1729687749909,7,43.476,24.683,25.695,9.32,10.578,6.675
1729687750667,7,43.3,24.656,25.777,9.558,10.421,7.472
1729687751439,7,inf,24.503,25.812,9.515,10.539,7.718
1729687752204,7,43.554,24.601,25.859,9.445,10.984,8.117
1729687752979,7,43.46,24.667,25.871,9.437,10.847,7.945
1729687753771,7,43.328,24.515,25.839,9.558,10.429,7.929
1729687754534,7,43.66,24.812,26.265,9.398,10.41,7.265
1729687755387,7,43.519,24.71,25.785,9.324,10.578,7.949
1729687756144,7,43.312,24.679,25.828,9.441,inf,8.031
1729687756902,7,43.73,24.675,25.652,9.367,10.589,7.593
1729687757680,7,43.437,24.703,25.71,9.421,10.597,8.046
1729687758420,7,43.542,24.64,26.0,9.238,10.73,7.976
1729687759232,7,43.48,24.527,26.046,inf,10.402,7.835
1729687759948,7,43.375,24.562,26.015,9.527,10.421,8.003
1729687760708,7,43.296,25.113,25.89,9.578,10.57,7.832
1729687761461,7,43.207,25.46,25.789,9.632,10.691,7.55
1729687762314,7,43.539,24.644,25.792,9.335,10.566,7.667
1729687763103,7,43.375,24.769,25.812,9.437,10.796,7.371
1729687763880,7,43.621,24.843,25.914,9.406,10.847,7.441
1729687764650,7,43.394,24.652,25.847,9.417,10.562,8.48
1729687765413,7,43.32,24.652,25.882,9.359,10.789,8.613
1729687766230,7,43.367,24.89,26.074,9.257,10.363,8.21
1729687767007,7,43.492,24.632,26.027,9.402,10.683,9.035
1729687767764,7,43.55,24.738,25.89,9.457,10.781,8.066
1729687768546,7,43.394,24.589,25.714,9.39,10.546,7.367
1729687769364,7,43.496,24.855,25.929,9.531,10.667,8.062
1729687770119,7,43.238,24.667,25.777,9.41,11.0,7.625
1729687770894,7,43.296,24.613,25.753,9.41,10.921,8.207
1729687771676,7,43.429,24.414,25.738,9.402,10.683,6.644
1729687772524,7,43.417,24.464,25.746,9.464,10.687,8.074
1729687773282,7,43.347,24.679,26.519,9.339,10.589,7.089
1729687774043,7,43.308,24.792,25.871,9.425,10.304,6.085
1729687774809,7,43.417,24.785,25.902,9.203,10.765,4.89
1729687775684,7,43.234,25.355,24.75,8.64,10.777,10.324
1729687776456,7,43.441,24.437,24.667,9.699,10.671,7.64
1729687777220,7,43.343,24.613,26.507,9.292,10.785,7.566
1729687778074,7,43.371,24.558,25.777,9.464,10.488,7.23
1729687778834,7,43.417,24.675,26.125,9.578,10.96,6.652
1729687779602,7,43.332,24.746,25.863,9.351,10.796,7.277
1729687780378,7,43.335,24.847,26.101,9.636,10.687,7.234
1729687781148,7,43.32,24.902,26.105,9.371,inf,7.871
1729687781939,7,43.32,24.371,26.003,9.371,10.343,7.628
1729687782700,7,43.468,24.765,26.074,9.601,10.519,7.433
1729687783460,7,43.472,24.644,26.121,9.66,10.46,7.273
1729687784220,7,43.578,24.605,25.765,9.378,10.617,7.128
1729687785097,7,43.671,24.695,26.199,9.425,10.839,8.164
1729687785862,7,43.449,24.753,25.585,9.488,10.492,8.363
1729687786628,7,43.441,24.796,25.882,9.871,11.054,7.667
1729687787390,7,43.035,24.605,25.871,9.437,10.558,7.386
1729687788263,7,43.07,24.835,25.718,9.742,10.476,8.234
1729687789065,7,43.414,24.703,26.292,9.21,10.406,7.769
1729687789812,7,43.457,24.687,26.183,9.75,10.578,7.011
1729687790568,7,43.519,24.757,26.05,9.609,10.578,7.562
1729687791398,7,43.261,24.984,25.886,9.777,10.628,7.8
1729687792167,7,43.332,24.816,25.937,9.91,10.421,inf
1729687792931,7,43.5,24.714,26.335,9.527,10.566,6.894
1729687793694,7,43.269,24.656,26.148,9.585,10.738,6.917
1729687794584,7,43.621,24.703,25.808,9.343,11.031,7.39
1729687795344,7,43.472,24.476,26.074,9.574,10.957,5.8
1729687796131,7,43.542,24.347,26.246,9.707,inf,6.507
1729687796903,7,43.539,24.667,25.601,9.48,11.031,6.3
1729687797729,7,43.382,24.664,25.875,9.148,11.011,7.535
1729687798497,7,43.457,24.636,25.667,9.625,11.105,7.316
1729687799266,7,43.507,24.718,26.726,9.558,10.875,7.347
1729687800026,7,43.632,24.66,25.804,9.234,10.949,6.656
1729687800893,7,43.183,24.55,25.941,9.375,10.796,6.847
1729687801669,7,43.515,24.699,26.035,9.628,10.554,6.765
1729687802437,7,43.285,24.691,26.152,9.476,10.773,7.585
1729687803198,7,43.382,24.679,25.878,9.433,10.984,8.097
1729687804068,7,43.355,24.656,26.109,9.57,10.609,7.71
1729687804842,7,43.203,24.511,25.714,9.589,10.449,8.789
1729687805622,7,43.437,24.601,25.929,9.328,10.464,9.097
1729687806386,7,43.296,24.441,26.113,9.382,10.585,7.66
1729687807216,7,43.632,24.73,26.289,9.687,10.714,7.421
1729687807987,7,43.277,24.703,25.843,9.511,inf,8.703
1729687808752,7,43.519,24.55,25.761,9.351,10.628,7.273
1729687809534,7,43.585,24.765,26.117,9.644,10.851,7.531
1729687810384,7,43.351,24.675,26.0,9.593,10.503,7.406
1729687811148,7,43.57,24.5,26.136,9.5,10.722,7.449
1729687811929,7,43.382,24.558,26.203,9.644,10.605,7.41
1729687812696,7,43.484,24.582,25.8,9.617,10.816,7.625
1729687813528,7,43.371,24.648,25.875,9.64,10.582,7.55
1729687814290,7,43.398,24.64,26.054,9.468,10.824,7.683
1729687815060,7,43.453,24.726,26.027,9.324,10.75,7.656
1729687815821,7,43.234,24.703,25.98,9.531,9.917,7.582
1729687816685,7,43.332,24.351,25.855,9.578,10.503,7.41
1729687817455,7,43.371,24.585,25.878,9.55,inf,7.531
1729687818215,7,43.328,24.574,25.96,9.593,10.785,7.507
1729687818997,7,43.574,24.468,26.308,9.437,10.246,7.597
1729687819862,7,43.484,24.757,26.078,9.328,11.093,7.71
1729687820640,7,43.355,24.414,25.921,9.441,11.91,7.437
1729687821407,7,43.277,24.632,26.132,9.566,10.304,8.031
1729687822170,7,43.203,24.527,25.781,9.671,10.304,7.343
1729687823020,7,43.371,24.617,25.871,9.648,10.417,7.765
1729687823789,7,43.464,24.558,26.031,9.414,10.582,7.769
1729687824560,7,43.609,24.632,26.082,9.585,10.894,7.8
1729687825335,7,43.347,24.632,26.285,9.546,10.492,7.656
1729687826195,7,43.359,24.648,26.335,9.449,10.382,7.714
1729687826968,7,43.609,24.718,26.148,9.519,10.191,7.753
1729687827734,7,43.394,24.914,26.218,9.57,10.214,7.765
1729687828506,7,43.652,24.484,26.015,9.445,10.886,7.281
1729687829348,7,43.453,24.75,26.324,9.71,10.835,7.636
1729687830129,7,43.457,24.777,26.128,9.515,10.773,6.789
1729687830897,7,43.535,24.757,26.273,9.503,10.769,7.953
1729687831671,7,43.519,24.625,26.148,9.699,10.601,7.542
1729687832516,7,43.539,24.437,25.855,9.746,10.449,7.371
1729687833290,7,43.429,24.335,25.492,9.699,10.656,7.792
1729687834060,7,43.375,24.503,26.003,9.687,10.667,7.5
1729687834824,7,43.41,24.757,26.015,9.742,10.628,7.316
1729687835700,7,43.429,24.816,26.011,9.55,10.585,7.218
1729687836465,7,43.582,24.425,25.953,9.652,10.699,8.062
1729687837229,7,43.414,24.644,25.687,9.73,inf,7.906
1729687838089,7,43.582,24.648,25.73,9.562,10.613,6.542
1729687838844,7,43.347,24.546,26.05,9.57,10.519,8.453
1729687839616,7,43.382,24.527,26.058,9.484,10.593,7.242
1729687840388,7,43.375,24.773,25.855,9.511,10.218,7.695
1729687841162,7,43.515,24.589,25.835,9.648,10.667,7.496
1729687841949,7,43.597,24.898,26.066,9.488,10.656,7.238
1729687842706,7,43.449,24.601,26.054,9.57,inf,7.238
1729687843439,7,43.433,24.535,26.347,9.539,10.671,8.179
1729687844212,7,43.429,24.488,26.292,9.617,10.273,7.421
1729687845025,7,43.531,24.835,26.292,9.453,10.632,7.453
1729687845795,7,43.386,24.753,25.875,9.492,10.5,7.816
1729687846563,7,43.265,25.05,25.703,9.542,10.781,7.878
1729687847336,7,43.32,24.554,25.984,9.617,10.41,9.695
1729687848129,7,43.687,24.57,25.734,9.515,10.679,7.617
1729687848902,7,43.359,24.812,25.66,9.746,10.675,7.195
1729687849669,7,43.531,24.812,25.593,9.394,10.722,6.468
1729687850429,7,43.332,24.667,25.816,9.867,11.667,6.253
1729687851191,7,43.71,24.769,25.574,9.765,10.542,6.855
1729687851972,7,43.636,24.761,25.378,9.671,10.562,6.785
1729687852737,7,42.851,24.527,26.066,9.75,10.964,7.015
1729687853495,7,43.214,24.523,25.98,9.617,10.585,6.808
1729687854346,7,43.097,25.25,25.078,9.535,10.589,7.019
1729687855115,7,43.378,24.941,26.351,9.441,10.664,5.703
1729687855889,7,43.64,24.914,23.726,9.277,10.652,7.832
1729687856659,7,43.253,24.714,24.695,9.964,10.394,5.531
1729687857496,7,43.875,25.097,25.644,9.441,inf,5.839
1729687858259,7,44.042,24.89,24.48,9.214,10.574,6.277
1729687859064,7,43.527,24.753,24.273,9.695,10.324,9.621
1729687859831,7,43.878,24.921,25.785,9.472,10.574,8.054
1729687860656,7,43.609,24.585,26.996,9.332,10.566,7.48
1729687861419,7,43.984,26.273,25.859,9.656,10.703,17.812
1729687862180,7,43.41,25.359,25.515,9.488,12.351,7.859
1729687862947,7,44.109,25.066,25.718,9.722,10.585,7.339
1729687863773,7,40.125,24.128,25.777,9.242,12.339,7.085
1729687864542,7,46.109,30.363,22.867,8.449,12.539,3.617
1729687865262,7,37.929,27.726,22.628,10.511,12.453,inf
1729687866017,7,36.484,25.753,24.117,9.621,12.761,3.769
1729687944388,8,44.496,31.558,30.519,9.5,20.261,3.558
1729687945139,8,52.703,33.343,27.777,8.988,15.082,3.21
1729687945969,8,53.621,33.171,27.968,9.48,16.16,3.07
1729687946720,8,53.847,31.582,29.328,9.523,18.261,2.875
1729687947462,8,50.683,41.628,27.855,9.757,16.839,3.136
1729687948300,8,45.23,31.351,31.605,9.46,19.476,3.093
1729687949116,8,53.066,32.07,27.222,9.312,inf,3.113
1729687949858,8,44.835,34.437,27.046,9.16,15.144,3.042
1729687950624,8,57.289,37.707,30.003,9.156,26.976,3.054
1729687951383,8,42.675,31.476,29.234,9.523,15.757,3.23
1729687952145,8,53.914,31.324,26.507,9.664,15.457,3.253
1729687952897,8,46.945,31.984,27.8,9.644,15.628,3.3
1729687953667,8,54.601,31.289,31.167,9.66,16.234,3.125
1729687954424,8,51.042,31.55,28.078,9.75,17.054,2.964
1729687955192,8,53.324,32.05,31.812,9.968,17.16,2.957
1729687955939,8,54.089,32.96,27.824,9.527,18.648,3.101
1729687956685,8,52.535,33.546,31.058,9.269,15.976,3.125
1729687957446,8,51.925,31.863,31.972,9.578,16.457,3.316
1729687958210,8,52.761,inf,26.871,9.261,16.503,3.074
1729687958968,8,55.218,32.16,27.347,9.16,16.074,3.183
1729687959724,8,54.511,31.917,27.66,9.234,17.703,2.96
1729687960472,8,54.136,32.082,27.835,9.171,15.492,2.66
1729687961244,8,54.359,32.8,28.113,9.292,15.515,2.402
1729687961993,8,53.738,32.593,27.714,9.203,15.707,2.902
1729687962751,8,49.441,32.453,29.773,9.265,inf,3.207
1729687963511,8,54.21,31.64,29.179,9.171,15.152,2.66
1729687964284,8,54.523,31.976,27.675,9.32,15.558,2.722
1729687965029,8,54.304,32.054,28.148,9.339,15.269,2.867
1729687965795,8,52.976,31.937,28.777,9.199,15.347,2.714
1729687966541,8,53.828,32.074,27.847,9.421,inf,2.812
1729687967302,8,53.41,31.804,27.148,9.257,15.519,2.765
1729687968104,8,54.667,31.734,29.277,9.316,15.375,2.847
1729687968854,8,52.808,inf,28.109,9.292,15.324,2.703
1729687969616,8,54.644,31.957,27.812,9.292,15.425,2.667
1729687970375,8,54.101,31.835,29.019,9.191,14.89,2.789
1729687971177,8,54.316,32.171,27.75,9.191,15.359,2.792
1729687971938,8,53.699,31.988,27.742,9.183,15.187,2.578
1729687972711,8,53.742,31.953,28.144,9.351,15.167,2.714
1729687973473,8,52.675,31.988,28.996,9.238,15.121,2.722
1729687974247,8,54.062,31.91,28.316,9.199,15.16,2.742
